<?xml version="1.0" encoding="UTF-8"?>
<!DOCTYPE html PUBLIC "-//W3C//DTD XHTML 1.0 Transitional//EN"
    "http://www.w3.org/TR/xhtml1/DTD/xhtml1-transitional.dtd">
<html xmlns="http://www.w3.org/1999/xhtml" xml:lang="en" lang="en">
 <head>
  <title>
</title>
<meta http-equiv="Content-Type" content="text/html;charset=utf-8" />
  <meta name='ocr-system' content='tesseract 3.04.00' />
  <meta name='ocr-capabilities' content='ocr_page ocr_carea ocr_par ocr_line ocrx_word'/>
</head>
<body>
  <div class='ocr_page' id='page_1' title='image "./cataloguscodicu00kitcgoog_0020.png"; bbox 0 0 4852 6516; ppageno 0'>
   <div class='ocr_carea' id='block_1_1' title="bbox 1038 483 2163 562">
    <p class='ocr_par' dir='ltr' id='par_1_1' title="bbox 1038 483 2163 562">
     <span class='ocr_line' id='line_1_1' title="bbox 1038 483 2163 562; baseline 0.004 -5"><span class='ocrx_word' id='word_1_1' title='bbox 1038 483 1173 562; x_wconf 86' lang='lat' dir='ltr'>AEDIS</span> <span class='ocrx_word' id='word_1_2' title='bbox 1207 485 1430 562; x_wconf 82' lang='lat' dir='ltr'><strong>CHRISTI.</strong></span> <span class='ocrx_word' id='word_1_3' title='bbox 2118 497 2163 562; x_wconf 86' lang='lat'>15</span> 
     </span>
    </p>
   </div>
   <div class='ocr_carea' id='block_1_2' title="bbox 435 683 1208 981">
    <p class='ocr_par' dir='ltr' id='par_1_2' title="bbox 435 683 1208 981">
     <span class='ocr_line' id='line_1_2' title="bbox 435 683 1208 773; baseline 0.006 -27"><span class='ocrx_word' id='word_1_4' title='bbox 435 683 606 771; x_wconf 89' lang='lat' dir='ltr'>Evangelio</span> <span class='ocrx_word' id='word_1_5' title='bbox 632 706 692 750; x_wconf 85' lang='lat' dir='ltr'>see.</span> <span class='ocrx_word' id='word_1_6' title='bbox 716 685 832 750; x_wconf 88' lang='lat' dir='ltr'>Lucam</span> <span class='ocrx_word' id='word_1_7' title='bbox 858 686 1091 771; x_wconf 86' lang='lat' dir='ltr'>praemittuntur</span> <span class='ocrx_word' id='word_1_8' title='bbox 1115 707 1208 773; x_wconf 87' lang='lat' dir='ltr'>argu-</span> 
     </span>
     <span class='ocr_line' id='line_1_3' title="bbox 478 789 1207 875; baseline 0.005 -25"><span class='ocrx_word' id='word_1_9' title='bbox 478 797 617 853; x_wconf 83' lang='lat' dir='ltr'><strong>mentum</strong></span> <span class='ocrx_word' id='word_1_10' title='bbox 637 789 732 855; x_wconf 87' lang='lat' dir='ltr'>breve</span> <span class='ocrx_word' id='word_1_11' title='bbox 752 799 784 855; x_wconf 89' lang='lat' dir='ltr'>et</span> <span class='ocrx_word' id='word_1_12' title='bbox 806 789 951 875; x_wconf 80' lang='lat' dir='ltr'>capitula,</span> <span class='ocrx_word' id='word_1_13' title='bbox 966 811 1060 854; x_wconf 90' lang='lat' dir='ltr'>mauu</span> <span class='ocrx_word' id='word_1_14' title='bbox 1079 790 1207 866; x_wconf 91' lang='lat' dir='ltr'>minuta,</span> 
     </span>
     <span class='ocr_line' id='line_1_4' title="bbox 477 893 1184 981; baseline 0.004 -24"><span class='ocrx_word' id='word_1_15' title='bbox 477 915 547 957; x_wconf 81' lang='lat' dir='ltr'>saee.</span> <span class='ocrx_word' id='word_1_16' title='bbox 563 893 710 981; x_wconf 85' lang='lat' dir='ltr'>ejusdem,</span> <span class='ocrx_word' id='word_1_17' title='bbox 721 893 833 980; x_wconf 86' lang='lat' dir='ltr'>quibus</span> <span class='ocrx_word' id='word_1_18' title='bbox 847 895 1084 960; x_wconf 86' lang='lat' dir='ltr'>subscribuntur</span> <span class='ocrx_word' id='word_1_19' title='bbox 1099 895 1184 960; x_wconf 77' lang='lat' dir='ltr'>haee:</span> 
     </span>
    </p>
   </div>
   <div class='ocr_carea' id='block_1_3' title="bbox 435 1012 1206 1203">
    <p class='ocr_par' dir='ltr' id='par_1_3' title="bbox 435 1012 1206 1203">
     <span class='ocr_line' id='line_1_5' title="bbox 435 1012 1206 1098; baseline 0.001 -19"><span class='ocrx_word' id='word_1_20' title='bbox 435 1012 567 1093; x_wconf 86' lang='grc' dir='ltr'>μέμνησο</span> <span class='ocrx_word' id='word_1_21' title='bbox 587 1017 690 1097; x_wconf 72' lang='grc' dir='ltr'>πατέρ,</span> <span class='ocrx_word' id='word_1_22' title='bbox 707 1015 754 1079; x_wconf 78' lang='grc' dir='ltr'>καί</span> <span class='ocrx_word' id='word_1_23' title='bbox 773 1017 847 1097; x_wconf 74' lang='grc' dir='ltr'>ὑπὲρ</span> <span class='ocrx_word' id='word_1_24' title='bbox 866 1016 973 1098; x_wconf 86' lang='grc' dir='ltr'>άνδρδς</span> <span class='ocrx_word' id='word_1_25' title='bbox 991 1015 1101 1095; x_wconf 79' lang='grc' dir='ltr'>ἀλήτου</span> <span class='ocrx_word' id='word_1_26' title='bbox 1119 1016 1154 1081; x_wconf 82' lang='grc' dir='ltr'>οῦ</span> <span class='ocrx_word' id='word_1_27' title='bbox 1172 1015 1206 1080; x_wconf 89' lang='grc' dir='ltr'>τδ</span> 
     </span>
     <span class='ocr_line' id='line_1_6' title="bbox 479 1117 1105 1203; baseline 0.003 -22"><span class='ocrx_word' id='word_1_28' title='bbox 479 1117 575 1196; x_wconf 90' lang='grc' dir='ltr'>ὄνομα</span> <span class='ocrx_word' id='word_1_29' title='bbox 589 1118 808 1202; x_wconf 85' lang='grc' dir='ltr'>άγαθάγγελας,</span> <span class='ocrx_word' id='word_1_30' title='bbox 823 1119 901 1203; x_wconf 91' lang='grc' dir='ltr'>τάχα</span> <span class='ocrx_word' id='word_1_31' title='bbox 916 1119 964 1183; x_wconf 79' lang='grc' dir='ltr'>καὶ</span> <span class='ocrx_word' id='word_1_32' title='bbox 977 1119 1105 1200; x_wconf 90' lang='grc' dir='ltr'>λευίτης.</span> 
     </span>
    </p>
   </div>
   <div class='ocr_carea' id='block_1_4' title="bbox 662 1412 850 1488">
    <p class='ocr_par' dir='ltr' id='par_1_4' title="bbox 662 1412 850 1488">
     <span class='ocr_line' id='line_1_7' title="bbox 662 1412 850 1488; baseline 0.005 -2"><span class='ocrx_word' id='word_1_33' title='bbox 662 1412 850 1488; x_wconf 92' lang='lat' dir='ltr'>XXVIII.</span> 
     </span>
    </p>
   </div>
   <div class='ocr_carea' id='block_1_5' title="bbox 308 1581 1205 1782">
    <p class='ocr_par' dir='ltr' id='par_1_5' title="bbox 308 1581 1205 1782">
     <span class='ocr_line' id='line_1_8' title="bbox 308 1581 1205 1665; baseline 0.001 -13"><span class='ocrx_word' id='word_1_34' title='bbox 308 1581 429 1652; x_wconf 85' lang='lat' dir='ltr'>Codex</span> <span class='ocrx_word' id='word_1_35' title='bbox 455 1582 756 1665; x_wconf 89' lang='lat' dir='ltr'>membranaceus,</span> <span class='ocrx_word' id='word_1_36' title='bbox 780 1583 817 1652; x_wconf 94' lang='lat' dir='ltr'>in</span> <span class='ocrx_word' id='word_1_37' title='bbox 841 1582 938 1665; x_wconf 85' lang='lat' dir='ltr'>folio,</span> <span class='ocrx_word' id='word_1_38' title='bbox 962 1581 1100 1664; x_wconf 73' lang='grc'><strong>11210,</strong></span> <span class='ocrx_word' id='word_1_39' title='bbox 1127 1604 1205 1653; x_wconf 87' lang='lat' dir='ltr'>saee.</span> 
     </span>
     <span class='ocr_line' id='line_1_9' title="bbox 333 1697 875 1782; baseline 0.002 -14"><span class='ocrx_word' id='word_1_40' title='bbox 333 1699 394 1769; x_wconf 86' lang='lat' dir='ltr'>xii.</span> <span class='ocrx_word' id='word_1_41' title='bbox 413 1697 470 1768; x_wconf 90' lang='lat' dir='ltr'>vel</span> <span class='ocrx_word' id='word_1_42' title='bbox 486 1698 574 1782; x_wconf 80' lang='lat' dir='ltr'>xiii,</span> <span class='ocrx_word' id='word_1_43' title='bbox 592 1698 682 1769; x_wconf 87' lang='lat' dir='ltr'>bene</span> <span class='ocrx_word' id='word_1_44' title='bbox 699 1706 875 1770; x_wconf 85' lang='lat' dir='ltr'>exaratus.</span> 
     </span>
    </p>
   </div>
   <div class='ocr_carea' id='block_1_6' title="bbox 309 1830 1209 2280">
    <p class='ocr_par' dir='ltr' id='par_1_6' title="bbox 309 1830 1208 1929">
     <span class='ocr_line' id='line_1_10' title="bbox 309 1830 1208 1929; baseline 0.001 -26"><span class='ocrx_word' id='word_1_45' title='bbox 309 1835 352 1903; x_wconf 93' lang='lat' dir='ltr'>ln</span> <span class='ocrx_word' id='word_1_46' title='bbox 371 1833 474 1903; x_wconf 90' lang='lat' dir='ltr'>initio</span> <span class='ocrx_word' id='word_1_47' title='bbox 490 1832 599 1903; x_wconf 90' lang='lat' dir='ltr'>habet</span> <span class='ocrx_word' id='word_1_48' title='bbox 616 1833 691 1902; x_wconf 85' lang='lat' dir='ltr'>haee</span> <span class='ocrx_word' id='word_1_49' title='bbox 707 1855 785 1902; x_wconf 85' lang='lat' dir='ltr'>saee.</span> <span class='ocrx_word' id='word_1_50' title='bbox 804 1832 874 1902; x_wconf 83' lang='lat' dir='ltr'>xiv.</span> <span class='ocrx_word' id='word_1_51' title='bbox 893 1834 947 1903; x_wconf 88' lang='lat' dir='ltr'>vel</span> <span class='ocrx_word' id='word_1_52' title='bbox 965 1855 1022 1903; x_wconf 86' lang='lat' dir='ltr'>xv.</span> <span class='ocrx_word' id='word_1_53' title='bbox 1041 1830 1085 1903; x_wconf 84' lang='grc' dir='ltr'>τὸ</span> <span class='ocrx_word' id='word_1_54' title='bbox 1101 1831 1208 1929; x_wconf 84' lang='grc' dir='ltr'>παρὸν</span> 
     </span>
    </p>

    <p class='ocr_par' dir='ltr' id='par_1_7' title="bbox 332 1943 1209 2280">
     <span class='ocr_line' id='line_1_11' title="bbox 332 1943 1208 2045; baseline -0.001 -27"><span class='ocrx_word' id='word_1_55' title='bbox 332 1945 418 2045; x_wconf 79' lang='grc' dir='ltr'>ἱερὸν</span> <span class='ocrx_word' id='word_1_56' title='bbox 435 1948 487 2018; x_wconf 79' lang='grc' dir='ltr'>καὶ</span> <span class='ocrx_word' id='word_1_57' title='bbox 504 1947 603 2040; x_wconf 85' lang='grc' dir='ltr'>ἅγιον</span> <span class='ocrx_word' id='word_1_58' title='bbox 620 1948 815 2039; x_wconf 74' lang='grc' dir='ltr'>εὐαγγέλιον</span> <span class='ocrx_word' id='word_1_59' title='bbox 827 1950 858 2039; x_wconf 73' lang='grc' dir='ltr'>(Ρ</span> <span class='ocrx_word' id='word_1_60' title='bbox 869 1943 1026 2045; x_wconf 79' lang='grc' dir='ltr'>ὑπάρχει)</span> <span class='ocrx_word' id='word_1_61' title='bbox 1036 1955 1095 2031; x_wconf 80' lang='grc' dir='ltr'>πῦς</span> <span class='ocrx_word' id='word_1_62' title='bbox 1111 1955 1208 2031; x_wconf 77' lang='grc' dir='ltr'>μονῆς</span> 
     </span>
     <span class='ocr_line' id='line_1_12' title="bbox 333 2061 1209 2164; baseline 0 -27"><span class='ocrx_word' id='word_1_63' title='bbox 333 2072 395 2138; x_wconf 90' lang='grc' dir='ltr'>ποῦ</span> <span class='ocrx_word' id='word_1_64' title='bbox 426 2062 577 2158; x_wconf 87' lang='grc' dir='ltr'>μεγάλου</span> <span class='ocrx_word' id='word_1_65' title='bbox 610 2061 761 2136; x_wconf 88' lang='grc' dir='ltr'>νικολάου</span> <span class='ocrx_word' id='word_1_66' title='bbox 792 2070 854 2135; x_wconf 89' lang='grc' dir='ltr'>ποῦ</span> <span class='ocrx_word' id='word_1_67' title='bbox 892 2062 1209 2164; x_wconf 77' lang='grc' dir='ltr'>[ε’πονομα]ζομε’νον</span> 
     </span>
     <span class='ocr_line' id='line_1_13' title="bbox 333 2183 549 2280; baseline 0.009 -27"><span class='ocrx_word' id='word_1_68' title='bbox 333 2183 549 2280; x_wconf 86' lang='grc' dir='ltr'>καλοχωρίον.</span> 
     </span>
    </p>
   </div>
   <div class='ocr_carea' id='block_1_7' title="bbox 353 2329 1208 2916">
    <p class='ocr_par' dir='ltr' id='par_1_8' title="bbox 353 2329 1208 2916">
     <span class='ocr_line' id='line_1_14' title="bbox 353 2329 1208 2418; baseline -0.002 -20"><span class='ocrx_word' id='word_1_69' title='bbox 353 2332 498 2398; x_wconf 80' lang='lat' dir='ltr'>Continet</span> <span class='ocrx_word' id='word_1_70' title='bbox 527 2330 818 2418; x_wconf 86' lang='lat' dir='ltr'>Evangelistarium.</span> <span class='ocrx_word' id='word_1_71' title='bbox 883 2329 1005 2418; x_wconf 84' lang='lat' dir='ltr'>Cuique</span> <span class='ocrx_word' id='word_1_72' title='bbox 1037 2331 1208 2417; x_wconf 85' lang='lat' dir='ltr'>Evangelio</span> 
     </span>
     <span class='ocr_line' id='line_1_15' title="bbox 393 2434 1207 2523; baseline -0.001 -22"><span class='ocrx_word' id='word_1_73' title='bbox 393 2435 568 2523; x_wconf 84' lang='lat' dir='ltr'>praefigitur</span> <span class='ocrx_word' id='word_1_74' title='bbox 602 2435 705 2521; x_wconf 90' lang='lat' dir='ltr'>imago</span> <span class='ocrx_word' id='word_1_75' title='bbox 741 2434 1055 2523; x_wconf 74' lang='lat' dir='ltr'>Evangelistae2-ad</span> <span class='ocrx_word' id='word_1_76' title='bbox 1088 2435 1207 2500; x_wconf 89' lang='lat' dir='ltr'>initium</span> 
     </span>
     <span class='ocr_line' id='line_1_16' title="bbox 394 2536 1208 2624; baseline -0.005 -20"><span class='ocrx_word' id='word_1_77' title='bbox 394 2537 557 2624; x_wconf 80' lang='lat' dir='ltr'>Evangelii</span> <span class='ocrx_word' id='word_1_78' title='bbox 579 2560 639 2603; x_wconf 87' lang='lat' dir='ltr'>see.</span> <span class='ocrx_word' id='word_1_79' title='bbox 668 2537 855 2602; x_wconf 87' lang='lat' dir='ltr'>Matthaeum</span> <span class='ocrx_word' id='word_1_80' title='bbox 880 2536 1034 2622; x_wconf 79' lang='lat' dir='ltr'>depictam</span> <span class='ocrx_word' id='word_1_81' title='bbox 1060 2536 1208 2601; x_wconf 83' lang='lat' dir='ltr'>habemus</span> 
     </span>
     <span class='ocr_line' id='line_1_17' title="bbox 393 2639 1207 2709; baseline -0.006 0"><span class='ocrx_word' id='word_1_82' title='bbox 393 2643 586 2709; x_wconf 75' lang='lat' dir='ltr'>nativitatem</span> <span class='ocrx_word' id='word_1_83' title='bbox 607 2640 724 2706; x_wconf 91' lang='lat' dir='ltr'>domini</span> <span class='ocrx_word' id='word_1_84' title='bbox 744 2640 843 2704; x_wconf 82' lang='lat' dir='ltr'>nostri</span> <span class='ocrx_word' id='word_1_85' title='bbox 863 2641 941 2705; x_wconf 79' lang='lat' dir='ltr'>Iesu</span> <span class='ocrx_word' id='word_1_86' title='bbox 963 2640 1089 2705; x_wconf 81' lang='lat' dir='ltr'>Christi.</span> <span class='ocrx_word' id='word_1_87' title='bbox 1135 2639 1207 2705; x_wconf 88' lang='lat' dir='ltr'>Cui-</span> 
     </span>
     <span class='ocr_line' id='line_1_18' title="bbox 393 2744 1208 2833; baseline -0.004 -21"><span class='ocrx_word' id='word_1_88' title='bbox 393 2769 454 2833; x_wconf 89' lang='lat' dir='ltr'>que</span> <span class='ocrx_word' id='word_1_89' title='bbox 468 2745 639 2833; x_wconf 85' lang='lat' dir='ltr'>Evangelio</span> <span class='ocrx_word' id='word_1_90' title='bbox 662 2744 896 2832; x_wconf 86' lang='lat' dir='ltr'>praemittuntur</span> <span class='ocrx_word' id='word_1_91' title='bbox 918 2744 1064 2830; x_wconf 83' lang='lat' dir='ltr'>capitula,</span> <span class='ocrx_word' id='word_1_92' title='bbox 1078 2753 1208 2830; x_wconf 71' lang='lat' dir='ltr'>excepto</span> 
     </span>
     <span class='ocr_line' id='line_1_19' title="bbox 395 2850 561 2916; baseline -0.012 -2"><span class='ocrx_word' id='word_1_93' title='bbox 395 2850 561 2916; x_wconf 89' lang='lat' dir='ltr'>Matthaeo.</span> 
     </span>
    </p>
   </div>
   <div class='ocr_carea' id='block_1_8' title="bbox 436 2966 1206 3136">
    <p class='ocr_par' dir='ltr' id='par_1_9' title="bbox 436 2966 1206 3136">
     <span class='ocr_line' id='line_1_20' title="bbox 436 2966 1206 3054; baseline -0.003 -21"><span class='ocrx_word' id='word_1_94' title='bbox 436 2971 489 3035; x_wconf 87' lang='lat' dir='ltr'>Ad</span> <span class='ocrx_word' id='word_1_95' title='bbox 525 2969 646 3033; x_wconf 86' lang='lat' dir='ltr'>initium</span> <span class='ocrx_word' id='word_1_96' title='bbox 681 2967 843 3054; x_wconf 83' lang='lat' dir='ltr'>Evangelii</span> <span class='ocrx_word' id='word_1_97' title='bbox 883 2988 943 3032; x_wconf 88' lang='lat' dir='ltr'>seo.</span> <span class='ocrx_word' id='word_1_98' title='bbox 981 2967 1136 3032; x_wconf 88' lang='lat' dir='ltr'>Joannem</span> <span class='ocrx_word' id='word_1_99' title='bbox 1174 2966 1206 3031; x_wconf 94' lang='lat' dir='ltr'>hi</span> 
     </span>
     <span class='ocr_line' id='line_1_21' title="bbox 480 3070 648 3136; baseline 0.018 -3"><span class='ocrx_word' id='word_1_100' title='bbox 480 3070 582 3135; x_wconf 91' lang='lat' dir='ltr'>lambi</span> <span class='ocrx_word' id='word_1_101' title='bbox 595 3095 648 3136; x_wconf 91' lang='lat'>:-</span> 
     </span>
    </p>
   </div>
   <div class='ocr_carea' id='block_1_9' title="bbox 370 3187 1208 4821">
    <p class='ocr_par' dir='ltr' id='par_1_10' title="bbox 370 3187 1208 4821">
     <span class='ocr_line' id='line_1_22' title="bbox 372 3187 1009 3273; baseline -0.005 -18"><span class='ocrx_word' id='word_1_102' title='bbox 372 3190 501 3272; x_wconf 80' lang='grc' dir='ltr'>Βροντῦης</span> <span class='ocrx_word' id='word_1_103' title='bbox 515 3195 606 3273; x_wconf 93' lang='grc' dir='ltr'>γόνον</span> <span class='ocrx_word' id='word_1_104' title='bbox 620 3216 657 3254; x_wconf 93' lang='grc' dir='ltr'>σε</span> <span class='ocrx_word' id='word_1_105' title='bbox 672 3187 802 3270; x_wconf 83' lang='grc' dir='ltr'>Χριστὸς</span> <span class='ocrx_word' id='word_1_106' title='bbox 819 3191 935 3256; x_wconf 75' lang='grc' dir='ltr'>εἰκότως</span> <span class='ocrx_word' id='word_1_107' title='bbox 951 3188 1009 3271; x_wconf 88' lang='grc' dir='ltr'>έφη</span> 
     </span>
     <span class='ocr_line' id='line_1_23' title="bbox 371 3292 941 3376; baseline -0.009 -16"><span class='ocrx_word' id='word_1_108' title='bbox 371 3297 410 3363; x_wconf 80' lang='grc' dir='ltr'>ὥς</span> <span class='ocrx_word' id='word_1_109' title='bbox 426 3294 478 3373; x_wconf 78' lang='grc' dir='ltr'>τήν</span> <span class='ocrx_word' id='word_1_110' title='bbox 493 3296 624 3376; x_wconf 79' lang='grc' dir='ltr'><em>ἄναρχον</em></span> <span class='ocrx_word' id='word_1_111' title='bbox 639 3292 749 3373; x_wconf 85' lang='grc' dir='ltr'>πατρὸς</span> <span class='ocrx_word' id='word_1_112' title='bbox 763 3295 794 3372; x_wconf 76' lang='grc' dir='ltr'>ἐξ</span> <span class='ocrx_word' id='word_1_113' title='bbox 809 3294 941 3357; x_wconf 86' lang='grc' dir='ltr'>άναιτίου</span> 
     </span>
     <span class='ocr_line' id='line_1_24' title="bbox 371 3396 1025 3480; baseline -0.002 -19"><span class='ocrx_word' id='word_1_114' title='bbox 371 3397 514 3480; x_wconf 73' lang='grc' dir='ltr'>γέννησιν</span> <span class='ocrx_word' id='word_1_115' title='bbox 528 3397 617 3460; x_wconf 80' lang='grc' dir='ltr'>αὐτοῦ</span> <span class='ocrx_word' id='word_1_116' title='bbox 631 3402 696 3464; x_wconf 83' lang='grc' dir='ltr'>σοῖς</span> <span class='ocrx_word' id='word_1_117' title='bbox 711 3396 908 3478; x_wconf 86' lang='grc' dir='ltr'>θεοφθόγγοις</span> <span class='ocrx_word' id='word_1_118' title='bbox 922 3397 1025 3477; x_wconf 79' lang='grc' dir='ltr'>λόγοις</span> 
     </span>
     <span class='ocr_line' id='line_1_25' title="bbox 370 3498 984 3585; baseline -0.005 -21"><span class='ocrx_word' id='word_1_119' title='bbox 370 3500 497 3583; x_wconf 84' lang='grc' dir='ltr'>μέγιστα</span> <span class='ocrx_word' id='word_1_120' title='bbox 514 3498 721 3580; x_wconf 89' lang='grc' dir='ltr'>βροντήσαντα</span> <span class='ocrx_word' id='word_1_121' title='bbox 736 3502 770 3585; x_wconf 75' lang='grc' dir='ltr'>τῇ</span> <span class='ocrx_word' id='word_1_122' title='bbox 785 3500 878 3562; x_wconf 81' lang='grc' dir='ltr'>κτίσει</span> <span class='ocrx_word' id='word_1_123' title='bbox 893 3498 984 3579; x_wconf 85' lang='grc' dir='ltr'>πάση·</span> 
     </span>
     <span class='ocr_line' id='line_1_26' title="bbox 372 3601 948 3685; baseline -0.005 -17"><span class='ocrx_word' id='word_1_124' title='bbox 372 3605 574 3685; x_wconf 86' lang='grc' dir='ltr'>εῦαγγελιστδ</span> <span class='ocrx_word' id='word_1_125' title='bbox 585 3601 745 3682; x_wconf 81' lang='grc' dir='ltr'>παμμόκαρ</span> <span class='ocrx_word' id='word_1_126' title='bbox 757 3603 804 3665; x_wconf 87' lang='grc' dir='ltr'>καὶ</span> <span class='ocrx_word' id='word_1_127' title='bbox 818 3601 948 3682; x_wconf 89' lang='grc' dir='ltr'>πάρθενε</span> 
     </span>
     <span class='ocr_line' id='line_1_27' title="bbox 371 3703 949 3788; baseline -0.003 -19"><span class='ocrx_word' id='word_1_128' title='bbox 371 3705 493 3788; x_wconf 73' lang='grc' dir='ltr'>φωστὴρ</span> <span class='ocrx_word' id='word_1_129' title='bbox 507 3703 633 3783; x_wconf 77' lang='grc' dir='ltr'>Ἰωάννη</span> <span class='ocrx_word' id='word_1_130' title='bbox 648 3730 681 3768; x_wconf 91' lang='grc' dir='ltr'>τε</span> <span class='ocrx_word' id='word_1_131' title='bbox 696 3710 755 3768; x_wconf 79' lang='grc' dir='ltr'>τῶν</span> <span class='ocrx_word' id='word_1_132' title='bbox 769 3705 949 3768; x_wconf 86' lang='grc' dir='ltr'>άποστόλων</span> 
     </span>
     <span class='ocr_line' id='line_1_28' title="bbox 372 3808 947 3892; baseline -0.002 -19"><span class='ocrx_word' id='word_1_133' title='bbox 372 3815 419 3873; x_wconf 80' lang='grc' dir='ltr'>καὶ</span> <span class='ocrx_word' id='word_1_134' title='bbox 434 3816 541 3873; x_wconf 83' lang='grc' dir='ltr'>πλεῖον</span> <span class='ocrx_word' id='word_1_135' title='bbox 556 3809 652 3873; x_wconf 86' lang='grc' dir='ltr'>αῦτῶν</span> <span class='ocrx_word' id='word_1_136' title='bbox 668 3809 754 3892; x_wconf 79' lang='grc' dir='ltr'>κυρίῳ</span> <span class='ocrx_word' id='word_1_137' title='bbox 769 3808 947 3887; x_wconf 84' lang='grc' dir='ltr'>πεφιλμένε.</span> 
     </span>
     <span class='ocr_line' id='line_1_29' title="bbox 371 3909 1030 3993; baseline -0.003 -17"><span class='ocrx_word' id='word_1_138' title='bbox 371 3913 440 3976; x_wconf 78' lang='grc' dir='ltr'>ἀλλ’</span> <span class='ocrx_word' id='word_1_139' title='bbox 456 3913 496 3978; x_wconf 81' lang='grc' dir='ltr'>ὦς</span> <span class='ocrx_word' id='word_1_140' title='bbox 509 3911 582 3993; x_wconf 83' lang='grc' dir='ltr'>πρὸς</span> <span class='ocrx_word' id='word_1_141' title='bbox 596 3909 687 3974; x_wconf 85' lang='grc' dir='ltr'>αῦτδν</span> <span class='ocrx_word' id='word_1_142' title='bbox 701 3916 755 3973; x_wconf 91' lang='grc' dir='ltr'>νῦν</span> <span class='ocrx_word' id='word_1_143' title='bbox 771 3911 849 3992; x_wconf 85' lang='grc' dir='ltr'>ἔχων</span> <span class='ocrx_word' id='word_1_144' title='bbox 863 3910 1030 3990; x_wconf 78' lang='grc' dir='ltr'>παρρησίαν</span> 
     </span>
     <span class='ocr_line' id='line_1_30' title="bbox 371 4010 1042 4092; baseline -0.004 -13"><span class='ocrx_word' id='word_1_145' title='bbox 371 4016 485 4079; x_wconf 85' lang='grc' dir='ltr'>άνωθευ</span> <span class='ocrx_word' id='word_1_146' title='bbox 500 4015 590 4078; x_wconf 88' lang='grc' dir='ltr'>αῦτοῦ</span> <span class='ocrx_word' id='word_1_147' title='bbox 605 4013 660 4092; x_wconf 76' lang='grc' dir='ltr'>τὴν</span> <span class='ocrx_word' id='word_1_148' title='bbox 673 4015 764 4077; x_wconf 84' lang='grc' dir='ltr'>λύσιν</span> <span class='ocrx_word' id='word_1_149' title='bbox 779 4018 838 4076; x_wconf 84' lang='grc' dir='ltr'>τῶν</span> <span class='ocrx_word' id='word_1_150' title='bbox 853 4010 1042 4091; x_wconf 88' lang='grc' dir='ltr'>πταισμάτων</span> 
     </span>
     <span class='ocr_line' id='line_1_31' title="bbox 371 4113 1208 4202; baseline -0.006 -20"><span class='ocrx_word' id='word_1_151' title='bbox 371 4119 436 4198; x_wconf 76' lang='grc' dir='ltr'>ἐμοὶ</span> <span class='ocrx_word' id='word_1_152' title='bbox 464 4120 587 4195; x_wconf 80' lang='grc' dir='ltr'>δοθῆναι</span> <span class='ocrx_word' id='word_1_153' title='bbox 616 4117 656 4202; x_wconf 74' lang='grc' dir='ltr'>τῷ</span> <span class='ocrx_word' id='word_1_154' title='bbox 689 4117 770 4201; x_wconf 77' lang='grc' dir='ltr'>πόθῳ</span> <span class='ocrx_word' id='word_1_155' title='bbox 800 4114 959 4195; x_wconf 85' lang='grc' dir='ltr'>κεκτημένε</span> <span class='ocrx_word' id='word_1_156' title='bbox 994 4113 1087 4199; x_wconf 74' lang='lat' dir='ltr'>[lviv</span> <span class='ocrx_word' id='word_1_157' title='bbox 1114 4117 1208 4179; x_wconf 89' lang='grc' dir='ltr'>πόθον</span> 
     </span>
     <span class='ocr_line' id='line_1_32' title="bbox 479 4218 658 4303; baseline -0.006 -20"><span class='ocrx_word' id='word_1_158' title='bbox 479 4218 658 4303; x_wconf 82' lang='grc' dir='ltr'>κεκτημένῳ]</span> 
     </span>
     <span class='ocr_line' id='line_1_33' title="bbox 371 4319 968 4403; baseline -0.007 -16"><span class='ocrx_word' id='word_1_159' title='bbox 371 4322 425 4403; x_wconf 77' lang='grc' dir='ltr'>τὴν</span> <span class='ocrx_word' id='word_1_160' title='bbox 440 4322 549 4389; x_wconf 89' lang='grc' dir='ltr'>παντὸς</span> <span class='ocrx_word' id='word_1_161' title='bbox 564 4324 661 4402; x_wconf 89' lang='grc' dir='ltr'>ὄλβου</span> <span class='ocrx_word' id='word_1_162' title='bbox 676 4322 730 4400; x_wconf 79' lang='grc' dir='ltr'>τὴν</span> <span class='ocrx_word' id='word_1_163' title='bbox 745 4323 778 4386; x_wconf 73' lang='grc' dir='ltr'>δὲ</span> <span class='ocrx_word' id='word_1_164' title='bbox 792 4319 968 4400; x_wconf 73' lang='grc' dir='ltr'>τιμιωτέραν</span> 
     </span>
     <span class='ocr_line' id='line_1_34' title="bbox 371 4424 1058 4506; baseline -0.006 -17"><span class='ocrx_word' id='word_1_165' title='bbox 371 4432 430 4490; x_wconf 84' lang='grc' dir='ltr'>τῦυ</span> <span class='ocrx_word' id='word_1_166' title='bbox 445 4431 506 4488; x_wconf 84' lang='grc' dir='ltr'>σῦν</span> <span class='ocrx_word' id='word_1_167' title='bbox 521 4429 653 4506; x_wconf 78' lang='grc' dir='ltr'>φαεινῶν</span> <span class='ocrx_word' id='word_1_168' title='bbox 667 4424 821 4506; x_wconf 81' lang='grc' dir='ltr'>δογμάτων</span> <span class='ocrx_word' id='word_1_169' title='bbox 836 4424 920 4488; x_wconf 84' lang='grc' dir='ltr'>θείαν</span> <span class='ocrx_word' id='word_1_170' title='bbox 934 4425 1058 4501; x_wconf 85' lang='grc' dir='ltr'>βίβλον.</span> 
     </span>
     <span class='ocr_line' id='line_1_35' title="bbox 437 4524 1098 4614; baseline -0.006 -21"><span class='ocrx_word' id='word_1_171' title='bbox 437 4527 491 4593; x_wconf 87' lang='lat' dir='ltr'>Ad</span> <span class='ocrx_word' id='word_1_172' title='bbox 505 4528 596 4593; x_wconf 89' lang='lat' dir='ltr'>finem</span> <span class='ocrx_word' id='word_1_173' title='bbox 614 4526 776 4614; x_wconf 85' lang='lat' dir='ltr'>Evangelii</span> <span class='ocrx_word' id='word_1_174' title='bbox 790 4548 851 4591; x_wconf 87' lang='lat' dir='ltr'>see.</span> <span class='ocrx_word' id='word_1_175' title='bbox 862 4527 884 4591; x_wconf 89' lang='lat' dir='ltr'>J</span> <span class='ocrx_word' id='word_1_176' title='bbox 886 4546 1017 4590; x_wconf 85' lang='lat' dir='ltr'>oannem</span> <span class='ocrx_word' id='word_1_177' title='bbox 1030 4524 1098 4589; x_wconf 85' lang='lat' dir='ltr'>haeo</span> 
     </span>
     <span class='ocr_line' id='line_1_36' title="bbox 370 4631 944 4713; baseline -0.003 -16"><span class='ocrx_word' id='word_1_178' title='bbox 370 4637 439 4699; x_wconf 84' lang='grc' dir='ltr'>θεοῦ</span> <span class='ocrx_word' id='word_1_179' title='bbox 452 4632 488 4696; x_wconf 87' lang='grc' dir='ltr'>τδ</span> <span class='ocrx_word' id='word_1_180' title='bbox 503 4636 597 4711; x_wconf 85' lang='grc' dir='ltr'>δῶρον</span> <span class='ocrx_word' id='word_1_181' title='bbox 611 4631 658 4694; x_wconf 85' lang='grc' dir='ltr'>καὶ</span> <span class='ocrx_word' id='word_1_182' title='bbox 673 4632 830 4713; x_wconf 86' lang='grc' dir='ltr'>γρηγορίου</span> <span class='ocrx_word' id='word_1_183' title='bbox 844 4631 944 4695; x_wconf 82' lang='grc' dir='ltr'>πόνος·</span> 
     </span>
     <span class='ocr_line' id='line_1_37' title="bbox 433 4731 1022 4821; baseline -0.008 -22"><span class='ocrx_word' id='word_1_184' title='bbox 433 4736 508 4801; x_wconf 89' lang='lat' dir='ltr'>Post</span> <span class='ocrx_word' id='word_1_185' title='bbox 522 4733 695 4821; x_wconf 86' lang='lat' dir='ltr'>Evangelia</span> <span class='ocrx_word' id='word_1_186' title='bbox 708 4733 815 4799; x_wconf 89' lang='lat' dir='ltr'>tabula</span> <span class='ocrx_word' id='word_1_187' title='bbox 830 4731 1022 4797; x_wconf 78' lang='lat' dir='ltr'>Lectionum.</span> 
     </span>
    </p>
   </div>
   <div class='ocr_carea' id='block_1_10' title="bbox 679 4976 827 5048">
    <p class='ocr_par' dir='ltr' id='par_1_11' title="bbox 679 4976 827 5048">
     <span class='ocr_line' id='line_1_38' title="bbox 679 4976 827 5048; baseline -0.007 0"><span class='ocrx_word' id='word_1_188' title='bbox 679 4976 827 5048; x_wconf 92' lang='lat' dir='ltr'>XXIX.</span> 
     </span>
    </p>
   </div>
   <div class='ocr_carea' id='block_1_11' title="bbox 304 5127 1208 5336">
    <p class='ocr_par' dir='ltr' id='par_1_12' title="bbox 304 5127 1208 5336">
     <span class='ocr_line' id='line_1_39' title="bbox 304 5127 1205 5220; baseline -0.009 -19"><span class='ocrx_word' id='word_1_189' title='bbox 304 5130 427 5201; x_wconf 88' lang='lat' dir='ltr'>Codex</span> <span class='ocrx_word' id='word_1_190' title='bbox 468 5128 771 5212; x_wconf 86' lang='lat' dir='ltr'>membranaceus,</span> <span class='ocrx_word' id='word_1_191' title='bbox 805 5129 843 5198; x_wconf 90' lang='lat' dir='ltr'>in</span> <span class='ocrx_word' id='word_1_192' title='bbox 882 5137 1023 5220; x_wconf 89' lang='lat' dir='ltr'>quarto,</span> <span class='ocrx_word' id='word_1_193' title='bbox 1057 5127 1095 5198; x_wconf 87' lang='lat' dir='ltr'>ff.</span> <span class='ocrx_word' id='word_1_194' title='bbox 1122 5127 1205 5209; x_wconf 82' lang='grc'><strong>162,</strong></span> 
     </span>
     <span class='ocr_line' id='line_1_40' title="bbox 328 5239 1208 5336; baseline -0.007 -18"><span class='ocrx_word' id='word_1_195' title='bbox 328 5245 431 5318; x_wconf 90' lang='grc' dir='ltr'><strong>Α.Ι).</strong></span> <span class='ocrx_word' id='word_1_196' title='bbox 452 5247 562 5330; x_wconf 89' lang='grc'><strong>1131,</strong></span> <span class='ocrx_word' id='word_1_197' title='bbox 587 5246 736 5316; x_wconf 90' lang='lat' dir='ltr'>mutilus</span> <span class='ocrx_word' id='word_1_198' title='bbox 760 5245 976 5336; x_wconf 89' lang='lat' dir='ltr'>quibusdam</span> <span class='ocrx_word' id='word_1_199' title='bbox 998 5243 1095 5314; x_wconf 89' lang='lat' dir='ltr'>locis.</span> <span class='ocrx_word' id='word_1_200' title='bbox 1140 5239 1208 5312; x_wconf 87' lang='lat' dir='ltr'>Fo-</span> 
     </span>
    </p>
   </div>
   <div class='ocr_carea' id='block_1_12' title="bbox 1293 707 2165 824">
    <p class='ocr_par' dir='ltr' id='par_1_13' title="bbox 1293 707 2165 824">
     <span class='ocr_line' id='line_1_41' title="bbox 1293 707 2165 824; baseline 0.013 -33"><span class='ocrx_word' id='word_1_201' title='bbox 1293 723 1456 819; x_wconf 86' lang='grc' dir='ltr'>νοεμβρίιρ</span> <span class='ocrx_word' id='word_1_202' title='bbox 1472 721 1662 800; x_wconf 85' lang='grc' dir='ltr'>ι’νδικτίωνος</span> <span class='ocrx_word' id='word_1_203' title='bbox 1682 707 1705 797; x_wconf 85' lang='grc' dir='ltr'>θ</span> <span class='ocrx_word' id='word_1_204' title='bbox 1726 725 1817 802; x_wconf 67' lang='grc' dir='ltr'>ἔτους</span> <span class='ocrx_word' id='word_1_205' title='bbox 1843 707 1945 798; x_wconf 50' lang='grc' dir='ltr'>ἔλθέ).</span> <span class='ocrx_word' id='word_1_206' title='bbox 1980 723 2032 797; x_wconf 81' lang='grc' dir='ltr'>διὰ</span> <span class='ocrx_word' id='word_1_207' title='bbox 2055 726 2165 824; x_wconf 80' lang='grc' dir='ltr'>χειρὸς</span> 
     </span>
    </p>
   </div>
   <div class='ocr_carea' id='block_1_13' title="bbox 1277 841 2166 1290">
    <p class='ocr_par' dir='ltr' id='par_1_14' title="bbox 1290 841 2166 1175">
     <span class='ocr_line' id='line_1_42' title="bbox 1292 841 2165 940; baseline 0.006 -31"><span class='ocrx_word' id='word_1_208' title='bbox 1292 841 1438 916; x_wconf 75' lang='grc' dir='ltr'>εὐτελοῦς</span> <span class='ocrx_word' id='word_1_209' title='bbox 1455 841 1506 910; x_wconf 77' lang='grc' dir='ltr'>καὶ</span> <span class='ocrx_word' id='word_1_210' title='bbox 1523 844 1724 938; x_wconf 84' lang='grc' dir='ltr'>ἁμαρτωλοῦ</span> <span class='ocrx_word' id='word_1_211' title='bbox 1742 849 1890 938; x_wconf 87' lang='grc' dir='ltr'>μονσχοῦ</span> <span class='ocrx_word' id='word_1_212' title='bbox 1909 844 2093 940; x_wconf 85' lang='grc' dir='ltr'>χαρίτωνος</span> <span class='ocrx_word' id='word_1_213' title='bbox 2112 846 2165 914; x_wconf 77' lang='grc' dir='ltr'>καὶ</span> 
     </span>
     <span class='ocr_line' id='line_1_43' title="bbox 1292 955 2166 1055; baseline 0.008 -29"><span class='ocrx_word' id='word_1_214' title='bbox 1292 958 1324 1026; x_wconf 80' lang='grc' dir='ltr'>οἱ</span> <span class='ocrx_word' id='word_1_215' title='bbox 1342 955 1427 1038; x_wconf 81' lang='grc' dir='ltr'>μετὰ</span> <span class='ocrx_word' id='word_1_216' title='bbox 1452 967 1565 1055; x_wconf 81' lang='grc' dir='ltr'>χεῖρας</span> <span class='ocrx_word' id='word_1_217' title='bbox 1589 956 1816 1046; x_wconf 82' lang='grc' dir='ltr'>λαμβάνοντες</span> <span class='ocrx_word' id='word_1_218' title='bbox 1839 961 1974 1055; x_wconf 75' lang='grc' dir='ltr'>εὔχεσθε</span> <span class='ocrx_word' id='word_1_219' title='bbox 1991 965 2038 1031; x_wconf 83' lang='grc' dir='ltr'><strong>πῶ</strong></span> <span class='ocrx_word' id='word_1_220' title='bbox 2054 992 2166 1044; x_wconf 87' lang='grc' dir='ltr'>κεκτη-</span> 
     </span>
     <span class='ocr_line' id='line_1_44' title="bbox 1290 1073 1989 1175; baseline 0.01 -32"><span class='ocrx_word' id='word_1_221' title='bbox 1290 1074 1372 1163; x_wconf 79' lang='grc' dir='ltr'>μένῳ</span> <span class='ocrx_word' id='word_1_222' title='bbox 1389 1075 1497 1156; x_wconf 77' lang='grc' dir='ltr'>αῦπὴν·</span> <span class='ocrx_word' id='word_1_223' title='bbox 1518 1075 1570 1145; x_wconf 73' lang='grc' dir='ltr'>καὶ</span> <span class='ocrx_word' id='word_1_224' title='bbox 1587 1077 1649 1159; x_wconf 77' lang='grc' dir='ltr'>μήν</span> <span class='ocrx_word' id='word_1_225' title='bbox 1665 1077 1718 1146; x_wconf 75' lang='grc' dir='ltr'>καὶ</span> <span class='ocrx_word' id='word_1_226' title='bbox 1734 1079 1783 1167; x_wconf 76' lang='grc' dir='ltr'>τῷ</span> <span class='ocrx_word' id='word_1_227' title='bbox 1800 1073 1989 1175; x_wconf 67' lang='grc' dir='ltr'>γράψαντι.</span> 
     </span>
    </p>

    <p class='ocr_par' dir='ltr' id='par_1_15' title="bbox 1277 1193 1686 1290">
     <span class='ocr_line' id='line_1_45' title="bbox 1277 1193 1686 1290; baseline 0.01 -30"><span class='ocrx_word' id='word_1_228' title='bbox 1277 1196 1364 1281; x_wconf 78' lang='grc' dir='ltr'>-Ι-πῷ</span> <span class='ocrx_word' id='word_1_229' title='bbox 1379 1193 1514 1288; x_wconf 78' lang='grc' dir='ltr'>μοναχῷ</span> <span class='ocrx_word' id='word_1_230' title='bbox 1531 1194 1686 1290; x_wconf 76' lang='grc' dir='ltr'>ι’λαρίωνι.</span> 
     </span>
    </p>
   </div>
   <div class='ocr_carea' id='block_1_14' title="bbox 1309 1339 2166 1613">
    <p class='ocr_par' dir='ltr' id='par_1_16' title="bbox 1309 1339 2166 1613">
     <span class='ocr_line' id='line_1_46' title="bbox 1309 1339 2163 1430; baseline 0 -25"><span class='ocrx_word' id='word_1_231' title='bbox 1309 1339 1455 1405; x_wconf 76' lang='lat' dir='ltr'>Continet</span> <span class='ocrx_word' id='word_1_232' title='bbox 1491 1350 1624 1425; x_wconf 89' lang='lat' dir='ltr'>quatuor</span> <span class='ocrx_word' id='word_1_233' title='bbox 1660 1341 2067 1430; x_wconf 80' lang='lat' dir='ltr'>Evangelia—Evangelio</span> <span class='ocrx_word' id='word_1_234' title='bbox 2103 1365 2163 1408; x_wconf 86' lang='lat' dir='ltr'>aee.</span> 
     </span>
     <span class='ocr_line' id='line_1_47' title="bbox 1353 1443 2166 1534; baseline 0.006 -28"><span class='ocrx_word' id='word_1_235' title='bbox 1353 1443 1468 1508; x_wconf 88' lang='lat' dir='ltr'>Matth.</span> <span class='ocrx_word' id='word_1_236' title='bbox 1495 1444 1607 1508; x_wconf 88' lang='lat' dir='ltr'>desunt</span> <span class='ocrx_word' id='word_1_237' title='bbox 1631 1445 1775 1532; x_wconf 83' lang='lat' dir='ltr'>capitula.</span> <span class='ocrx_word' id='word_1_238' title='bbox 1831 1445 1940 1511; x_wconf 87' lang='lat' dir='ltr'>Habet</span> <span class='ocrx_word' id='word_1_239' title='bbox 1967 1446 1999 1511; x_wconf 89' lang='lat' dir='ltr'>in</span> <span class='ocrx_word' id='word_1_240' title='bbox 2025 1447 2166 1534; x_wconf 85' lang='lat' dir='ltr'>margine</span> 
     </span>
     <span class='ocr_line' id='line_1_48' title="bbox 1353 1546 1644 1613; baseline 0.003 -1"><span class='ocrx_word' id='word_1_241' title='bbox 1353 1546 1494 1612; x_wconf 87' lang='lat' dir='ltr'>Cauones</span> <span class='ocrx_word' id='word_1_242' title='bbox 1509 1547 1644 1613; x_wconf 85' lang='lat' dir='ltr'>Eusebii.</span> 
     </span>
    </p>
   </div>
   <div class='ocr_carea' id='block_1_15' title="bbox 1330 1667 2165 3089">
    <p class='ocr_par' dir='ltr' id='par_1_17' title="bbox 1396 1667 2165 1856">
     <span class='ocr_line' id='line_1_49' title="bbox 1396 1667 2165 1756; baseline 0.003 -25"><span class='ocrx_word' id='word_1_243' title='bbox 1396 1667 1565 1755; x_wconf 91' lang='lat' dir='ltr'>Evangelio</span> <span class='ocrx_word' id='word_1_244' title='bbox 1619 1690 1678 1733; x_wconf 86' lang='lat' dir='ltr'>see.</span> <span class='ocrx_word' id='word_1_245' title='bbox 1732 1668 1877 1734; x_wconf 81' lang='lat' dir='ltr'>Marcum</span> <span class='ocrx_word' id='word_1_246' title='bbox 1931 1669 2165 1756; x_wconf 79' lang='lat' dir='ltr'>praemittuntur</span> 
     </span>
     <span class='ocr_line' id='line_1_50' title="bbox 1438 1771 2163 1856; baseline 0.001 -22"><span class='ocrx_word' id='word_1_247' title='bbox 1438 1771 1602 1836; x_wconf 87' lang='lat' dir='ltr'>lambi:—</span> <span class='ocrx_word' id='word_1_248' title='bbox 2074 1773 2096 1838; x_wconf 88' lang='lat' dir='ltr'>f.</span> <span class='ocrx_word' id='word_1_249' title='bbox 2109 1793 2163 1856; x_wconf 87' lang='lat'>43.</span> 
     </span>
    </p>

    <p class='ocr_par' dir='ltr' id='par_1_18' title="bbox 1330 1871 2143 3089">
     <span class='ocr_line' id='line_1_51' title="bbox 1332 1871 2040 1956; baseline 0.01 -23"><span class='ocrx_word' id='word_1_250' title='bbox 1332 1871 1449 1954; x_wconf 90' lang='grc' dir='ltr'>Πέτρου</span> <span class='ocrx_word' id='word_1_251' title='bbox 1463 1875 1593 1955; x_wconf 79' lang='grc' dir='ltr'>μαθητὴς</span> <span class='ocrx_word' id='word_1_252' title='bbox 1607 1878 1657 1953; x_wconf 82' lang='grc' dir='ltr'>τῆς</span> <span class='ocrx_word' id='word_1_253' title='bbox 1672 1874 1779 1954; x_wconf 89' lang='grc' dir='ltr'>πέτρας</span> <span class='ocrx_word' id='word_1_254' title='bbox 1794 1881 1925 1956; x_wconf 83' lang='grc' dir='ltr'>Χριστοῦ</span> <span class='ocrx_word' id='word_1_255' title='bbox 1939 1876 2040 1940; x_wconf 87' lang='grc' dir='ltr'>πέλων</span> 
     </span>
     <span class='ocr_line' id='line_1_52' title="bbox 1333 1975 1941 2061; baseline 0.01 -24"><span class='ocrx_word' id='word_1_256' title='bbox 1333 1975 1522 2046; x_wconf 82' lang='grc' dir='ltr'>Διδάσκαλος</span> <span class='ocrx_word' id='word_1_257' title='bbox 1536 1977 1671 2059; x_wconf 89' lang='grc' dir='ltr'>πέφηνεν</span> <span class='ocrx_word' id='word_1_258' title='bbox 1684 1979 1772 2060; x_wconf 83' lang='grc' dir='ltr'>ἄμφω</span> <span class='ocrx_word' id='word_1_259' title='bbox 1788 1980 1834 2042; x_wconf 80' lang='grc' dir='ltr'>καὶ</span> <span class='ocrx_word' id='word_1_260' title='bbox 1848 1978 1941 2061; x_wconf 84' lang='grc' dir='ltr'>μέγας</span> 
     </span>
     <span class='ocr_line' id='line_1_53' title="bbox 1333 2079 1885 2163; baseline 0.011 -22"><span class='ocrx_word' id='word_1_261' title='bbox 1333 2079 1547 2162; x_wconf 88' lang='grc' dir='ltr'>εῦαγγελίστης</span> <span class='ocrx_word' id='word_1_262' title='bbox 1561 2084 1697 2163; x_wconf 89' lang='grc' dir='ltr'>δεύτερον</span> <span class='ocrx_word' id='word_1_263' title='bbox 1712 2087 1763 2145; x_wconf 91' lang='grc' dir='ltr'>τοῦ</span> <span class='ocrx_word' id='word_1_264' title='bbox 1778 2085 1844 2163; x_wconf 87' lang='grc' dir='ltr'>κυρί</span> <span class='ocrx_word' id='word_1_265' title='bbox 1877 2105 1885 2119; x_wconf 86' lang='grc'><em>·</em></span> 
     </span>
     <span class='ocr_line' id='line_1_54' title="bbox 1332 2185 1948 2267; baseline 0.003 -19"><span class='ocrx_word' id='word_1_266' title='bbox 1332 2185 1383 2261; x_wconf 78' lang='grc' dir='ltr'>τῆς</span> <span class='ocrx_word' id='word_1_267' title='bbox 1395 2185 1558 2267; x_wconf 89' lang='grc' dir='ltr'>μυριόχλου</span> <span class='ocrx_word' id='word_1_268' title='bbox 1572 2187 1703 2263; x_wconf 84' lang='grc' dir='ltr'>πληθύος</span> <span class='ocrx_word' id='word_1_269' title='bbox 1717 2191 1777 2249; x_wconf 81' lang='grc' dir='ltr'>τῶν</span> <span class='ocrx_word' id='word_1_270' title='bbox 1792 2185 1948 2265; x_wconf 83' lang='grc' dir='ltr'>θαυμάτων</span> 
     </span>
     <span class='ocr_line' id='line_1_55' title="bbox 1331 2285 2013 2370; baseline 0.007 -23"><span class='ocrx_word' id='word_1_271' title='bbox 1331 2285 1406 2365; x_wconf 86' lang='grc' dir='ltr'>ὅλην</span> <span class='ocrx_word' id='word_1_272' title='bbox 1420 2288 1486 2365; x_wconf 73' lang='grc' dir='ltr'>μὲν,</span> <span class='ocrx_word' id='word_1_273' title='bbox 1502 2287 1541 2353; x_wconf 81' lang='grc' dir='ltr'>ὥς</span> <span class='ocrx_word' id='word_1_274' title='bbox 1555 2293 1630 2370; x_wconf 81' lang='grc' dir='ltr'>φῶς,</span> <span class='ocrx_word' id='word_1_275' title='bbox 1645 2291 1824 2369; x_wconf 83' lang='grc' dir='ltr'>λαμπρύνων</span> <span class='ocrx_word' id='word_1_276' title='bbox 1839 2288 2013 2368; x_wconf 88' lang='grc' dir='ltr'>οίκαυμένην</span> 
     </span>
     <span class='ocr_line' id='line_1_56' title="bbox 1330 2391 2000 2473; baseline 0.007 -22"><span class='ocrx_word' id='word_1_277' title='bbox 1330 2392 1431 2452; x_wconf 79' lang='grc' dir='ltr'>πᾶσαν</span> <span class='ocrx_word' id='word_1_278' title='bbox 1446 2392 1478 2453; x_wconf 72' lang='grc' dir='ltr'>δέ</span> <span class='ocrx_word' id='word_1_279' title='bbox 1494 2391 1547 2470; x_wconf 80' lang='grc' dir='ltr'>τὴν</span> <span class='ocrx_word' id='word_1_280' title='bbox 1562 2395 1705 2473; x_wconf 82' lang='grc' dir='ltr'>αἴγνπτον</span> <span class='ocrx_word' id='word_1_281' title='bbox 1719 2393 1752 2455; x_wconf 72' lang='grc' dir='ltr'>ἐκ</span> <span class='ocrx_word' id='word_1_282' title='bbox 1767 2392 1883 2470; x_wconf 87' lang='grc' dir='ltr'>πλάνης</span> <span class='ocrx_word' id='word_1_283' title='bbox 1898 2395 2000 2460; x_wconf 91' lang='grc' dir='ltr'>λύσας.</span> 
     </span>
     <span class='ocr_line' id='line_1_57' title="bbox 1332 2491 1901 2575; baseline 0.011 -19"><span class='ocrx_word' id='word_1_284' title='bbox 1332 2491 1377 2556; x_wconf 84' lang='grc' dir='ltr'>διὸ</span> <span class='ocrx_word' id='word_1_285' title='bbox 1391 2496 1539 2574; x_wconf 90' lang='grc' dir='ltr'>πρόθυμος</span> <span class='ocrx_word' id='word_1_286' title='bbox 1551 2494 1738 2575; x_wconf 80' lang='grc' dir='ltr'>μαρτυρήσας</span> <span class='ocrx_word' id='word_1_287' title='bbox 1752 2497 1798 2560; x_wconf 80' lang='grc' dir='ltr'>καὶ</span> <span class='ocrx_word' id='word_1_288' title='bbox 1813 2498 1901 2562; x_wconf 90' lang='grc' dir='ltr'>τέλος</span> 
     </span>
     <span class='ocr_line' id='line_1_58' title="bbox 1333 2597 2143 2682; baseline 0.006 -23"><span class='ocrx_word' id='word_1_289' title='bbox 1333 2599 1489 2680; x_wconf 85' lang='grc' dir='ltr'>εῦχριστον</span> <span class='ocrx_word' id='word_1_290' title='bbox 1505 2599 1590 2677; x_wconf 90' lang='grc' dir='ltr'>εῦρεν</span> <span class='ocrx_word' id='word_1_291' title='bbox 1604 2597 1713 2679; x_wconf 90' lang='grc' dir='ltr'>μάρκος</span> <span class='ocrx_word' id='word_1_292' title='bbox 1728 2601 1775 2663; x_wconf 80' lang='grc' dir='ltr'>καὶ</span> <span class='ocrx_word' id='word_1_293' title='bbox 1790 2602 1939 2680; x_wconf 91' lang='grc' dir='ltr'>παρησίαν</span> <span class='ocrx_word' id='word_1_294' title='bbox 1953 2602 2143 2682; x_wconf 88' lang='grc' dir='ltr'>(παρρησίαν)</span> 
     </span>
     <span class='ocr_line' id='line_1_59' title="bbox 1331 2698 2007 2781; baseline 0.004 -20"><span class='ocrx_word' id='word_1_295' title='bbox 1331 2698 1410 2780; x_wconf 83' lang='grc' dir='ltr'>ἔχων</span> <span class='ocrx_word' id='word_1_296' title='bbox 1423 2701 1479 2777; x_wconf 79' lang='grc' dir='ltr'>μὲν</span> <span class='ocrx_word' id='word_1_297' title='bbox 1494 2701 1583 2781; x_wconf 81' lang='grc' dir='ltr'>ἄμφω</span> <span class='ocrx_word' id='word_1_298' title='bbox 1598 2701 1672 2781; x_wconf 85' lang='grc' dir='ltr'>πρὸς</span> <span class='ocrx_word' id='word_1_299' title='bbox 1687 2701 1739 2763; x_wconf 86' lang='grc' dir='ltr'>τὸν</span> <span class='ocrx_word' id='word_1_300' title='bbox 1754 2703 1846 2766; x_wconf 89' lang='grc' dir='ltr'>ὄντως</span> <span class='ocrx_word' id='word_1_301' title='bbox 1861 2702 2007 2779; x_wconf 81' lang='grc' dir='ltr'>δεσπότην</span> 
     </span>
     <span class='ocr_line' id='line_1_60' title="bbox 1331 2800 2012 2889; baseline 0.004 -26"><span class='ocrx_word' id='word_1_302' title='bbox 1331 2801 1384 2864; x_wconf 87' lang='grc' dir='ltr'>τὸν</span> <span class='ocrx_word' id='word_1_303' title='bbox 1399 2800 1452 2880; x_wconf 82' lang='grc' dir='ltr'>τὴν</span> <span class='ocrx_word' id='word_1_304' title='bbox 1467 2805 1566 2882; x_wconf 88' lang='grc' dir='ltr'>σοφόν</span> <span class='ocrx_word' id='word_1_305' title='bbox 1582 2828 1637 2866; x_wconf 91' lang='grc' dir='ltr'>σου</span> <span class='ocrx_word' id='word_1_306' title='bbox 1652 2803 1759 2867; x_wconf 90' lang='grc' dir='ltr'>δέλτου</span> <span class='ocrx_word' id='word_1_307' title='bbox 1774 2805 1808 2867; x_wconf 81' lang='grc' dir='ltr'>ἓν</span> <span class='ocrx_word' id='word_1_308' title='bbox 1822 2803 1917 2889; x_wconf 72' lang='grc' dir='ltr'>πιστῷ</span> <span class='ocrx_word' id='word_1_309' title='bbox 1931 2804 2012 2887; x_wconf 83' lang='grc' dir='ltr'>πόθιρ</span> 
     </span>
     <span class='ocr_line' id='line_1_61' title="bbox 1331 2904 2008 2984; baseline 0.007 -18"><span class='ocrx_word' id='word_1_310' title='bbox 1331 2904 1475 2982; x_wconf 73' lang='grc' dir='ltr'>τεύξαντα</span> <span class='ocrx_word' id='word_1_311' title='bbox 1491 2905 1587 2983; x_wconf 83' lang='grc' dir='ltr'>τήνδε·</span> <span class='ocrx_word' id='word_1_312' title='bbox 1611 2911 1676 2972; x_wconf 81' lang='grc' dir='ltr'>ταῖς</span> <span class='ocrx_word' id='word_1_313' title='bbox 1690 2911 1787 2972; x_wconf 83' lang='grc' dir='ltr'>λιταῖς</span> <span class='ocrx_word' id='word_1_314' title='bbox 1802 2930 1858 2968; x_wconf 91' lang='grc' dir='ltr'>σου</span> <span class='ocrx_word' id='word_1_315' title='bbox 1873 2906 2008 2984; x_wconf 91' lang='grc' dir='ltr'>φωτίσας</span> 
     </span>
     <span class='ocr_line' id='line_1_62' title="bbox 1332 3007 1896 3089; baseline 0.005 -20"><span class='ocrx_word' id='word_1_316' title='bbox 1332 3011 1402 3069; x_wconf 91' lang='grc' dir='ltr'>θεοῦ</span> <span class='ocrx_word' id='word_1_317' title='bbox 1415 3032 1453 3085; x_wconf 92' lang='grc' dir='ltr'>με</span> <span class='ocrx_word' id='word_1_318' title='bbox 1468 3009 1571 3086; x_wconf 73' lang='grc' dir='ltr'>δείξεις</span> <span class='ocrx_word' id='word_1_319' title='bbox 1586 3007 1682 3088; x_wconf 75' lang='grc' dir='ltr'>δέξιον</span> <span class='ocrx_word' id='word_1_320' title='bbox 1695 3009 1896 3089; x_wconf 87' lang='grc' dir='ltr'>παραστάτην·</span> 
     </span>
    </p>
   </div>
   <div class='ocr_carea' id='block_1_16' title="bbox 1330 3127 2168 4552">
    <p class='ocr_par' dir='ltr' id='par_1_19' title="bbox 1330 3127 2168 4552">
     <span class='ocr_line' id='line_1_63' title="bbox 1396 3127 2168 3216; baseline 0.004 -26"><span class='ocrx_word' id='word_1_321' title='bbox 1396 3127 1566 3213; x_wconf 86' lang='lat' dir='ltr'>Evangelio</span> <span class='ocrx_word' id='word_1_322' title='bbox 1603 3129 1770 3193; x_wconf 83' lang='lat' dir='ltr'>seeundum</span> <span class='ocrx_word' id='word_1_323' title='bbox 1807 3129 1922 3194; x_wconf 82' lang='lat' dir='ltr'>Lucam</span> <span class='ocrx_word' id='word_1_324' title='bbox 1962 3129 2168 3216; x_wconf 76' lang='lat' dir='ltr'>praefigunt-ur</span> 
     </span>
     <span class='ocr_line' id='line_1_64' title="bbox 1438 3230 2167 3313; baseline 0.001 -19"><span class='ocrx_word' id='word_1_325' title='bbox 1438 3230 1526 3296; x_wconf 81' lang='lat' dir='ltr'>haec:</span> <span class='ocrx_word' id='word_1_326' title='bbox 2079 3233 2102 3297; x_wconf 82' lang='grc' dir='ltr'>ί.</span> <span class='ocrx_word' id='word_1_327' title='bbox 2115 3234 2167 3313; x_wconf 89' lang='lat'>76.</span> 
     </span>
     <span class='ocr_line' id='line_1_65' title="bbox 1331 3335 1978 3416; baseline 0.006 -19"><span class='ocrx_word' id='word_1_328' title='bbox 1331 3336 1442 3415; x_wconf 84' lang='grc' dir='ltr'>Πρύην</span> <span class='ocrx_word' id='word_1_329' title='bbox 1457 3335 1587 3416; x_wconf 86' lang='grc' dir='ltr'>άκέστωρ</span> <span class='ocrx_word' id='word_1_330' title='bbox 1603 3335 1748 3414; x_wconf 89' lang='grc' dir='ltr'>σωμάτων</span> <span class='ocrx_word' id='word_1_331' title='bbox 1762 3337 1863 3415; x_wconf 86' lang='grc' dir='ltr'>μόνων</span> <span class='ocrx_word' id='word_1_332' title='bbox 1877 3336 1978 3401; x_wconf 76' lang='grc' dir='ltr'>πίλων</span> 
     </span>
     <span class='ocr_line' id='line_1_66' title="bbox 1331 3437 2038 3521; baseline 0.004 -20"><span class='ocrx_word' id='word_1_333' title='bbox 1331 3439 1363 3501; x_wconf 84' lang='grc' dir='ltr'>έκ</span> <span class='ocrx_word' id='word_1_334' title='bbox 1377 3443 1436 3500; x_wconf 79' lang='grc' dir='ltr'>τῶν</span> <span class='ocrx_word' id='word_1_335' title='bbox 1451 3437 1583 3520; x_wconf 90' lang='grc' dir='ltr'>γαλήναυ</span> <span class='ocrx_word' id='word_1_336' title='bbox 1596 3441 1731 3518; x_wconf 89' lang='grc' dir='ltr'>βιβλίων</span> <span class='ocrx_word' id='word_1_337' title='bbox 1745 3439 1958 3520; x_wconf 87' lang='grc' dir='ltr'>κίπποκράτους</span> <span class='ocrx_word' id='word_1_338' title='bbox 1967 3441 2038 3521; x_wconf 78' lang='lat' dir='ltr'>(aie)</span> 
     </span>
     <span class='ocr_line' id='line_1_67' title="bbox 1331 3541 1885 3624; baseline 0.007 -21"><span class='ocrx_word' id='word_1_339' title='bbox 1331 3547 1440 3624; x_wconf 80' lang='grc' dir='ltr'>ψυχῶν</span> <span class='ocrx_word' id='word_1_340' title='bbox 1456 3543 1693 3623; x_wconf 82' lang='grc' dir='ltr'>ίατρὸςύστερον</span> <span class='ocrx_word' id='word_1_341' title='bbox 1707 3541 1802 3622; x_wconf 86' lang='grc' dir='ltr'>σοφὸς</span> <span class='ocrx_word' id='word_1_342' title='bbox 1816 3545 1885 3607; x_wconf 90' lang='grc' dir='ltr'>λίαν</span> 
     </span>
     <span class='ocr_line' id='line_1_68' title="bbox 1331 3645 1976 3728; baseline 0.006 -22"><span class='ocrx_word' id='word_1_343' title='bbox 1331 3649 1454 3707; x_wconf 81' lang='grc' dir='ltr'>πολλῶν</span> <span class='ocrx_word' id='word_1_344' title='bbox 1469 3647 1604 3726; x_wconf 78' lang='grc' dir='ltr'>ἐδείχθης</span> <span class='ocrx_word' id='word_1_345' title='bbox 1618 3647 1658 3711; x_wconf 84' lang='grc' dir='ltr'>ὧς</span> <span class='ocrx_word' id='word_1_346' title='bbox 1671 3645 1801 3724; x_wconf 80' lang='grc' dir='ltr'>μαθητὴς</span> <span class='ocrx_word' id='word_1_347' title='bbox 1815 3652 1868 3709; x_wconf 89' lang='grc' dir='ltr'>τοῦ</span> <span class='ocrx_word' id='word_1_348' title='bbox 1882 3649 1976 3728; x_wconf 90' lang='grc' dir='ltr'>λόγου</span> 
     </span>
     <span class='ocr_line' id='line_1_69' title="bbox 1332 3748 1873 3830; baseline 0.004 -18"><span class='ocrx_word' id='word_1_349' title='bbox 1332 3748 1545 3829; x_wconf 86' lang='grc' dir='ltr'>εῦαγγελίστης</span> <span class='ocrx_word' id='word_1_350' title='bbox 1559 3750 1739 3830; x_wconf 85' lang='grc' dir='ltr'>ῥητορεύσας</span> <span class='ocrx_word' id='word_1_351' title='bbox 1754 3749 1873 3817; x_wconf 78' lang='grc' dir='ltr'>ένθέως.</span> 
     </span>
     <span class='ocr_line' id='line_1_70' title="bbox 1330 3850 1907 3933; baseline 0.016 -21"><span class='ocrx_word' id='word_1_352' title='bbox 1330 3854 1368 3914; x_wconf 79' lang='lat' dir='ltr'>vd</span> <span class='ocrx_word' id='word_1_353' title='bbox 1382 3855 1434 3930; x_wconf 85' lang='grc' dir='ltr'>τῆς</span> <span class='ocrx_word' id='word_1_354' title='bbox 1449 3850 1484 3915; x_wconf 88' lang='grc' dir='ltr'>δι’</span> <span class='ocrx_word' id='word_1_355' title='bbox 1500 3852 1575 3932; x_wconf 75' lang='grc' dir='ltr'>ἡμᾶς</span> <span class='ocrx_word' id='word_1_356' title='bbox 1590 3855 1729 3932; x_wconf 77' lang='grc' dir='ltr'>σαρκικής</span> <span class='ocrx_word' id='word_1_357' title='bbox 1743 3854 1907 3933; x_wconf 89' lang='grc' dir='ltr'>παρουσίας</span> 
     </span>
     <span class='ocr_line' id='line_1_71' title="bbox 1331 3954 1905 4038; baseline 0.003 -20"><span class='ocrx_word' id='word_1_358' title='bbox 1331 3955 1421 4018; x_wconf 84' lang='grc' dir='ltr'>αὐτοῦ</span> <span class='ocrx_word' id='word_1_359' title='bbox 1433 3954 1561 4038; x_wconf 83' lang='grc' dir='ltr'>μέγιστα</span> <span class='ocrx_word' id='word_1_360' title='bbox 1574 3961 1633 4019; x_wconf 82' lang='grc' dir='ltr'>τῶν</span> <span class='ocrx_word' id='word_1_361' title='bbox 1646 3958 1810 4037; x_wconf 89' lang='grc' dir='ltr'>τεραστίων</span> <span class='ocrx_word' id='word_1_362' title='bbox 1824 3957 1905 4037; x_wconf 86' lang='grc' dir='ltr'>βάθη</span> 
     </span>
     <span class='ocr_line' id='line_1_72' title="bbox 1331 4057 1892 4141; baseline 0.004 -19"><span class='ocrx_word' id='word_1_363' title='bbox 1331 4058 1377 4122; x_wconf 88' lang='grc' dir='ltr'>διὸ</span> <span class='ocrx_word' id='word_1_364' title='bbox 1391 4057 1465 4137; x_wconf 87' lang='grc' dir='ltr'>πρὸς</span> <span class='ocrx_word' id='word_1_365' title='bbox 1480 4059 1569 4123; x_wconf 89' lang='grc' dir='ltr'>αῦτδν</span> <span class='ocrx_word' id='word_1_366' title='bbox 1585 4060 1709 4138; x_wconf 83' lang='grc' dir='ltr'>εῦσθενῆ</span> <span class='ocrx_word' id='word_1_367' title='bbox 1723 4061 1892 4141; x_wconf 90' lang='grc' dir='ltr'>παρρησίαν</span> 
     </span>
     <span class='ocr_line' id='line_1_73' title="bbox 1330 4163 1899 4247; baseline 0.007 -23"><span class='ocrx_word' id='word_1_368' title='bbox 1330 4165 1424 4226; x_wconf 83' lang='grc' dir='ltr'>λουκδ</span> <span class='ocrx_word' id='word_1_369' title='bbox 1439 4164 1571 4243; x_wconf 88' lang='grc' dir='ltr'>θεόφραν</span> <span class='ocrx_word' id='word_1_370' title='bbox 1585 4164 1673 4241; x_wconf 76' lang='grc' dir='ltr'>άξίως</span> <span class='ocrx_word' id='word_1_371' title='bbox 1688 4165 1737 4227; x_wconf 81' lang='grc' dir='ltr'>καὶ</span> <span class='ocrx_word' id='word_1_372' title='bbox 1752 4169 1806 4227; x_wconf 92' lang='grc' dir='ltr'>νῦν</span> <span class='ocrx_word' id='word_1_373' title='bbox 1821 4163 1899 4247; x_wconf 84' lang='grc' dir='ltr'>έχων</span> 
     </span>
     <span class='ocr_line' id='line_1_74' title="bbox 1332 4263 1948 4345; baseline 0.003 -17"><span class='ocrx_word' id='word_1_374' title='bbox 1332 4264 1384 4329; x_wconf 88' lang='grc' dir='ltr'>τὸν</span> <span class='ocrx_word' id='word_1_375' title='bbox 1398 4265 1526 4331; x_wconf 87' lang='grc' dir='ltr'>πίστεως</span> <span class='ocrx_word' id='word_1_376' title='bbox 1539 4265 1681 4343; x_wconf 73' lang='grc' dir='ltr'>τεύξαντα</span> <span class='ocrx_word' id='word_1_377' title='bbox 1696 4263 1744 4329; x_wconf 79' lang='grc' dir='ltr'>καὶ</span> <span class='ocrx_word' id='word_1_378' title='bbox 1759 4267 1853 4329; x_wconf 87' lang='grc' dir='ltr'>πόθου</span> <span class='ocrx_word' id='word_1_379' title='bbox 1867 4264 1948 4345; x_wconf 87' lang='grc' dir='ltr'>μέτα.</span> 
     </span>
     <span class='ocr_line' id='line_1_75' title="bbox 1331 4366 2050 4451; baseline 0.003 -20"><span class='ocrx_word' id='word_1_380' title='bbox 1331 4368 1385 4446; x_wconf 78' lang='grc' dir='ltr'>τήν</span> <span class='ocrx_word' id='word_1_381' title='bbox 1399 4369 1559 4449; x_wconf 89' lang='grc' dir='ltr'>πανσαφόν</span> <span class='ocrx_word' id='word_1_382' title='bbox 1574 4394 1630 4432; x_wconf 91' lang='grc' dir='ltr'>σου</span> <span class='ocrx_word' id='word_1_383' title='bbox 1645 4366 1731 4446; x_wconf 88' lang='grc' dir='ltr'>τήνδε</span> <span class='ocrx_word' id='word_1_384' title='bbox 1745 4369 1861 4447; x_wconf 89' lang='grc' dir='ltr'>βίβλον</span> <span class='ocrx_word' id='word_1_385' title='bbox 1876 4374 1935 4433; x_wconf 83' lang='grc' dir='ltr'>τῶν</span> <span class='ocrx_word' id='word_1_386' title='bbox 1948 4370 2050 4451; x_wconf 89' lang='grc' dir='ltr'>λόγων</span> 
     </span>
     <span class='ocr_line' id='line_1_76' title="bbox 1331 4471 1965 4552; baseline -0.002 -18"><span class='ocrx_word' id='word_1_387' title='bbox 1331 4471 1439 4548; x_wconf 78' lang='grc' dir='ltr'>σιάζοις</span> <span class='ocrx_word' id='word_1_388' title='bbox 1452 4475 1550 4537; x_wconf 84' lang='grc' dir='ltr'>λιταῖς</span> <span class='ocrx_word' id='word_1_389' title='bbox 1566 4496 1621 4534; x_wconf 91' lang='grc' dir='ltr'>σου</span> <span class='ocrx_word' id='word_1_390' title='bbox 1637 4471 1683 4534; x_wconf 81' lang='grc' dir='ltr'>καὶ</span> <span class='ocrx_word' id='word_1_391' title='bbox 1699 4477 1795 4537; x_wconf 84' lang='grc' dir='ltr'>καλῶς</span> <span class='ocrx_word' id='word_1_392' title='bbox 1809 4471 1965 4552; x_wconf 74' lang='grc' dir='ltr'>διείάγοις.</span> 
     </span>
    </p>
   </div>
   <div class='ocr_carea' id='block_1_17' title="bbox 1336 4589 2168 4981">
    <p class='ocr_par' dir='ltr' id='par_1_20' title="bbox 1336 4589 2168 4981">
     <span class='ocr_line' id='line_1_77' title="bbox 1397 4589 2168 4677; baseline 0.001 -24"><span class='ocrx_word' id='word_1_393' title='bbox 1397 4589 1481 4654; x_wconf 86' lang='lat' dir='ltr'>Ante</span> <span class='ocrx_word' id='word_1_394' title='bbox 1501 4589 1705 4677; x_wconf 87' lang='lat' dir='ltr'>Evangelium</span> <span class='ocrx_word' id='word_1_395' title='bbox 1727 4611 1788 4654; x_wconf 85' lang='lat' dir='ltr'>aee.</span> <span class='ocrx_word' id='word_1_396' title='bbox 1811 4591 1966 4656; x_wconf 76' lang='lat' dir='ltr'>Ioannem</span> <span class='ocrx_word' id='word_1_397' title='bbox 1989 4590 2091 4656; x_wconf 89' lang='lat' dir='ltr'>lambi</span> <span class='ocrx_word' id='word_1_398' title='bbox 2114 4604 2168 4675; x_wconf 74' lang='lat' dir='ltr'>qui</span> 
     </span>
     <span class='ocr_line' id='line_1_78' title="bbox 1437 4692 2167 4775; baseline 0 -20"><span class='ocrx_word' id='word_1_399' title='bbox 1437 4692 1469 4756; x_wconf 93' lang='lat' dir='ltr'>in</span> <span class='ocrx_word' id='word_1_400' title='bbox 1485 4692 1553 4756; x_wconf 88' lang='lat' dir='ltr'>MS.</span> <span class='ocrx_word' id='word_1_401' title='bbox 1571 4693 1627 4758; x_wconf 85' lang='lat' dir='ltr'>Gr.</span> <span class='ocrx_word' id='word_1_402' title='bbox 1641 4692 1802 4759; x_wconf 92' lang='lat' dir='ltr'>XXVllI.</span> <span class='ocrx_word' id='word_1_403' title='bbox 2060 4695 2167 4775; x_wconf 85' lang='lat' dir='ltr'>I.124.</span> 
     </span>
     <span class='ocr_line' id='line_1_79' title="bbox 1394 4795 1873 4882; baseline 0.002 -22"><span class='ocrx_word' id='word_1_404' title='bbox 1394 4795 1538 4881; x_wconf 90' lang='lat' dir='ltr'>Denique</span> <span class='ocrx_word' id='word_1_405' title='bbox 1552 4795 1629 4875; x_wconf 82' lang='lat' dir='ltr'>hac,</span> <span class='ocrx_word' id='word_1_406' title='bbox 1645 4796 1747 4882; x_wconf 88' lang='lat' dir='ltr'>prima</span> <span class='ocrx_word' id='word_1_407' title='bbox 1761 4818 1873 4874; x_wconf 82' lang='lat' dir='ltr'>manu3</span> 
     </span>
     <span class='ocr_line' id='line_1_80' title="bbox 1336 4899 1988 4981; baseline 0.003 -19"><span class='ocrx_word' id='word_1_408' title='bbox 1336 4915 1364 4972; x_wconf 55' lang='grc' dir='ltr'>ψ</span> <span class='ocrx_word' id='word_1_409' title='bbox 1374 4900 1485 4962; x_wconf 81' lang='grc' dir='ltr'>Κόνων</span> <span class='ocrx_word' id='word_1_410' title='bbox 1498 4899 1631 4981; x_wconf 87' lang='grc' dir='ltr'>μοναχδς</span> <span class='ocrx_word' id='word_1_411' title='bbox 1647 4901 1663 4962; x_wconf 89' lang='grc' dir='ltr'>ὁ</span> <span class='ocrx_word' id='word_1_412' title='bbox 1677 4900 1815 4967; x_wconf 87' lang='grc' dir='ltr'>ταπεινὸς</span> <span class='ocrx_word' id='word_1_413' title='bbox 1830 4901 1879 4965; x_wconf 82' lang='grc' dir='ltr'>καὶ</span> <span class='ocrx_word' id='word_1_414' title='bbox 1893 4901 1988 4980; x_wconf 75' lang='grc' dir='ltr'>ξένος.</span> 
     </span>
    </p>
   </div>
   <div class='ocr_carea' id='block_1_18' title="bbox 1650 5208 1780 5281">
    <p class='ocr_par' dir='ltr' id='par_1_21' title="bbox 1650 5208 1780 5281">
     <span class='ocr_line' id='line_1_81' title="bbox 1650 5208 1780 5281; baseline 0 -1"><span class='ocrx_word' id='word_1_415' title='bbox 1650 5208 1780 5281; x_wconf 91' lang='grc' dir='ltr'><strong>ΧΧΧ.</strong></span> 
     </span>
    </p>
   </div>
   <div class='ocr_carea' id='block_1_19' title="bbox 328 5360 2165 5458">
    <p class='ocr_par' dir='ltr' id='par_1_22' title="bbox 328 5360 2165 5458">
     <span class='ocr_line' id='line_1_82' title="bbox 328 5360 2165 5458; baseline -0.002 -24"><span class='ocrx_word' id='word_1_416' title='bbox 328 5364 418 5434; x_wconf 92' lang='lat' dir='ltr'>lium</span> <span class='ocrx_word' id='word_1_417' title='bbox 438 5365 458 5431; x_wconf 96' lang='grc'><strong>1</strong></span> <span class='ocrx_word' id='word_1_418' title='bbox 477 5386 589 5435; x_wconf 89' lang='lat' dir='ltr'>mauu</span> <span class='ocrx_word' id='word_1_419' title='bbox 612 5363 797 5458; x_wconf 87' lang='lat' dir='ltr'>grandiori</span> <span class='ocrx_word' id='word_1_420' title='bbox 825 5372 1026 5445; x_wconf 88' lang='lat' dir='ltr'>exaratum,</span> <span class='ocrx_word' id='word_1_421' title='bbox 1046 5384 1065 5431; x_wconf 91' lang='lat' dir='ltr'>e</span> <span class='ocrx_word' id='word_1_422' title='bbox 1088 5362 1208 5431; x_wconf 87' lang='lat' dir='ltr'>lectio-</span> <span class='ocrx_word' id='word_1_423' title='bbox 1266 5364 1388 5434; x_wconf 83' lang='lat' dir='ltr'>Codex</span> <span class='ocrx_word' id='word_1_424' title='bbox 1426 5360 1727 5443; x_wconf 86' lang='lat' dir='ltr'>membranaceus,</span> <span class='ocrx_word' id='word_1_425' title='bbox 1762 5361 1800 5432; x_wconf 92' lang='lat' dir='ltr'>in</span> <span class='ocrx_word' id='word_1_426' title='bbox 1837 5370 1978 5452; x_wconf 89' lang='lat' dir='ltr'>quarto,</span> <span class='ocrx_word' id='word_1_427' title='bbox 2012 5362 2048 5431; x_wconf 81' lang='lat' dir='ltr'>ff.</span> <span class='ocrx_word' id='word_1_428' title='bbox 2081 5365 2165 5444; x_wconf 81' lang='lat'><strong>236,</strong></span> 
     </span>
    </p>
   </div>
   <div class='ocr_carea' id='block_1_20' title="bbox 328 5477 1207 5688">
    <p class='ocr_par' dir='ltr' id='par_1_23' title="bbox 328 5477 1207 5688">
     <span class='ocr_line' id='line_1_83' title="bbox 328 5477 1207 5573; baseline -0.006 -22"><span class='ocrx_word' id='word_1_429' title='bbox 328 5481 431 5551; x_wconf 86' lang='lat' dir='ltr'>nario</span> <span class='ocrx_word' id='word_1_430' title='bbox 458 5481 613 5573; x_wconf 90' lang='lat' dir='ltr'>quodam</span> <span class='ocrx_word' id='word_1_431' title='bbox 643 5481 916 5570; x_wconf 70' lang='lat' dir='ltr'>depromptum</span> <span class='ocrx_word' id='word_1_432' title='bbox 946 5477 982 5548; x_wconf 89' lang='lat' dir='ltr'>ff.</span> <span class='ocrx_word' id='word_1_433' title='bbox 1001 5480 1073 5546; x_wconf 82' lang='grc'>2-7</span> <span class='ocrx_word' id='word_1_434' title='bbox 1106 5477 1207 5548; x_wconf 92' lang='lat' dir='ltr'>bom-</span> 
     </span>
     <span class='ocr_line' id='line_1_84' title="bbox 328 5594 946 5688; baseline -0.005 -21"><span class='ocrx_word' id='word_1_435' title='bbox 328 5596 471 5688; x_wconf 83' lang='lat' dir='ltr'>bycina,</span> <span class='ocrx_word' id='word_1_436' title='bbox 488 5619 598 5667; x_wconf 91' lang='lat' dir='ltr'>mauu</span> <span class='ocrx_word' id='word_1_437' title='bbox 615 5597 731 5666; x_wconf 88' lang='lat' dir='ltr'>multo</span> <span class='ocrx_word' id='word_1_438' title='bbox 747 5594 946 5665; x_wconf 87' lang='lat' dir='ltr'>recentiori.</span> 
     </span>
    </p>
   </div>
   <div class='ocr_carea' id='block_1_21' title="bbox 1290 5477 2166 5560">
    <p class='ocr_par' dir='ltr' id='par_1_24' title="bbox 1290 5477 2166 5560">
     <span class='ocr_line' id='line_1_85' title="bbox 1290 5477 2166 5560; baseline -0.001 -10"><span class='ocrx_word' id='word_1_439' title='bbox 1290 5503 1368 5550; x_wconf 82' lang='lat' dir='ltr'>sae.</span> <span class='ocrx_word' id='word_1_440' title='bbox 1396 5477 1458 5548; x_wconf 86' lang='lat' dir='ltr'>xii.</span> <span class='ocrx_word' id='word_1_441' title='bbox 1489 5479 1545 5548; x_wconf 89' lang='lat' dir='ltr'>vel</span> <span class='ocrx_word' id='word_1_442' title='bbox 1568 5477 1656 5560; x_wconf 80' lang='lat' dir='ltr'>xiii.</span> <span class='ocrx_word' id='word_1_443' title='bbox 1686 5478 1801 5548; x_wconf 89' lang='lat' dir='ltr'>literis</span> <span class='ocrx_word' id='word_1_444' title='bbox 1830 5477 2050 5560; x_wconf 87' lang='lat' dir='ltr'>minusculis,</span> <span class='ocrx_word' id='word_1_445' title='bbox 2077 5479 2166 5549; x_wconf 86' lang='lat' dir='ltr'>bene</span> 
     </span>
    </p>
   </div>
   <div class='ocr_carea' id='block_1_22' title="bbox 1300 5701 2166 5766">
    <p class='ocr_par' dir='ltr' id='par_1_25' title="bbox 1300 5701 2166 5766">
     <span class='ocr_line' id='line_1_86' title="bbox 1300 5701 2166 5766; baseline -0.002 -13"><span class='ocrx_word' id='word_1_446' title='bbox 1300 5703 1312 5736; x_wconf 58' lang='grc' dir='ltr'>λ</span> <span class='ocrx_word' id='word_1_447' title='bbox 1327 5704 1380 5754; x_wconf 88' lang='lat' dir='ltr'>Ubi</span> <span class='ocrx_word' id='word_1_448' title='bbox 1398 5703 1478 5752; x_wconf 78' lang='lat' dir='ltr'>litera</span> <span class='ocrx_word' id='word_1_449' title='bbox 1495 5703 1631 5766; x_wconf 81' lang='lat' dir='ltr'>deperditae</span> <span class='ocrx_word' id='word_1_450' title='bbox 1643 5701 1712 5751; x_wconf 85' lang='lat' dir='ltr'>loeus</span> <span class='ocrx_word' id='word_1_451' title='bbox 1728 5719 1778 5751; x_wconf 91' lang='lat' dir='ltr'>non</span> <span class='ocrx_word' id='word_1_452' title='bbox 1790 5706 1836 5751; x_wconf 85' lang='lat' dir='ltr'>eat.</span> <span class='ocrx_word' id='word_1_453' title='bbox 1869 5704 1920 5751; x_wconf 81' lang='lat' dir='ltr'>Aut</span> <span class='ocrx_word' id='word_1_454' title='bbox 1934 5714 2074 5764; x_wconf 80' lang='lat' dir='ltr'>ann01131</span> <span class='ocrx_word' id='word_1_455' title='bbox 2090 5703 2166 5751; x_wconf 89' lang='lat' dir='ltr'>indic·</span> 
     </span>
    </p>
   </div>
   <div class='ocr_carea' id='block_1_23' title="bbox 303 5735 1684 5836">
    <p class='ocr_par' dir='ltr' id='par_1_26' title="bbox 303 5735 1684 5836">
     <span class='ocr_line' id='line_1_87' title="bbox 303 5735 1684 5836; baseline 0.012 -25"><span class='ocrx_word' id='word_1_456' title='bbox 303 5739 364 5812; x_wconf 82' lang='lat' dir='ltr'>Ad</span> <span class='ocrx_word' id='word_1_457' title='bbox 386 5739 494 5812; x_wconf 86' lang='lat' dir='ltr'>finem</span> <span class='ocrx_word' id='word_1_458' title='bbox 517 5742 614 5826; x_wconf 82' lang='lat' dir='ltr'>haec;</span> <span class='ocrx_word' id='word_1_459' title='bbox 644 5738 815 5821; x_wconf 87' lang='grc' dir='ltr'>ε’πελειιύθη</span> <span class='ocrx_word' id='word_1_460' title='bbox 838 5735 921 5819; x_wconf 83' lang='grc' dir='ltr'>αῦτη</span> <span class='ocrx_word' id='word_1_461' title='bbox 944 5740 963 5819; x_wconf 77' lang='grc' dir='ltr'><em>ἦ</em></span> <span class='ocrx_word' id='word_1_462' title='bbox 989 5737 1115 5825; x_wconf 82' lang='grc' dir='ltr'>βίβλος</span> <span class='ocrx_word' id='word_1_463' title='bbox 1134 5736 1206 5820; x_wconf 59' lang='grc' dir='ltr'>111νῖ</span> <span class='ocrx_word' id='word_1_464' title='bbox 1267 5785 1565 5836; x_wconf 44' lang='lat' dir='ltr'>rimamarum</span> <span class='ocrx_word' id='word_1_465' title='bbox 1577 5789 1684 5834; x_wconf 69' lang='lat' dir='ltr'>comest.</span> 
     </span>
    </p>
   </div>
   <div class='ocr_carea' id='block_1_24' title="bbox 0 0 2430 6516">
    <p class='ocr_par' dir='ltr' id='par_1_27' title="bbox 0 0 2430 6516">
     <span class='ocr_line' id='line_1_88' title="bbox 0 0 2430 6516; baseline 0 0"><span class='ocrx_word' id='word_1_466' title='bbox 0 0 2430 6516; x_wconf 95' lang='lat' dir='ltr'> </span> 
     </span>
    </p>
   </div>
  </div>
 </body>
</html>
