4852 6516
1023 470 1164 548 AEDIS
1199 468 1425 548 CHRISTI.

335 775 382 820 12.
409 755 501 836 Quod
512 755 642 843 quilibet
652 754 791 844 cupidus,
801 777 924 835 avarus,
933 757 983 822 rel
992 754 1114 823 invidus
1134 669 1186 736 fel·

460 861 585 948 arogis
607 861 739 926 consiliis
760 870 793 926 et
815 860 977 926 consorh'is
1002 861 1113 927 marito

459 964 500 1029 sit
520 965 726 1030 removendus
776 1011 785 1029 .
831 1011 839 1028 .
884 1012 893 1028 .
939 1014 947 1028 .
995 1012 1003 1029 .
1049 1011 1057 1028 .
1104 981 1187 1051 .45.

334 1086 383 1153 13·
407 1067 457 1132 De
474 1067 648 1153 provisione
670 1067 754 1156 regis
775 1089 833 1154 pro
854 1067 917 1133 suis
938 1066 1112 1133 hominibus

460 1170 610 1236 bellicosis
669 1218 1110 1235 .........
1133 1186 1187 1254 47.

334 1294 382 1354 14.
407 1273 585 1340 Declaratio
594 1273 732 1361 epistolae
741 1273 1002 1362 regisAlexandri
1011 1274 1112 1339 missae

459 1377 642 1465 philosopho
657 1377 819 1442 Aristoteli
886 1425 1111 1441 .....
1133 1397 1186 1464 50.

335 1501 381 1568 ¹5·
405 1482 454 1547 De
484 1491 618 1567 quatuor
647 1482 814 1547 moralibus
844 1481 1009 1547 virtutibus
1042 1482 1112 1570 regi

458 1585 685 1671 pertinentibus
723 1633 1111 1650 ........
1133 1604 1186 1671 51.

334 1692 383 1754 16.
406 1690 457 1754 De
471 1690 554 1777 regis
569 1689 780 1754 misericordia
829 1736 1108 1753 ......
1133 1705 1185 1774 57.

333 1807 382 1874 17.
405 1793 455 1857 Do
483 1792 599 1879 praeliis
623 1792 708 1881 regis
733 1800 766 1857 et
791 1792 857 1879 ejus
883 1792 1055 1879 prudentiis
1080 1792 1112 1856 iu

459 1897 547 1963 bellis
570 1897 722 1962 habendis
748 1906 781 1962 et
803 1896 843 1962 do
870 1897 1000 1962 militum
1022 1918 1108 1962 exer·

458 1999 538 2066 citiis
552 2009 584 2065 et
599 2000 726 2067 alterius
740 2010 870 2067 armatae
884 2000 987 2088 gentis
1049 2048 1057 2063 .
1103 2017 1186 2086 .59.

405 2104 576 2191 Imaginem
592 2104 770 2169 bombardae
785 2105 881 2169 habet
941 2151 948 2167 .
995 2152 1002 2167 .
1048 2154 1055 2168 .
1103 2105 1187 2190 .69.

409 2209 614 2296 Operationes
639 2208 672 2273 in
697 2208 823 2274 obsidiis
850 2207 981 2274 diversae
1006 2206 1114 2295 depin-

457 2321 574 2400 guntur
612 2358 1111 2377 ..........
1136 2329 1188 2398 71.

387 2432 485 2497 Dedit
513 2432 595 2499 Guil.
619 2432 810 2520 Carpeuder,
839 2432 912 2497 olim
940 2432 1101 2511 Alumuus,

424 2539 463 2600 A.
477 2537 518 2599 D.
534 2553 626 2620 1707.

664 2779 808 2851 XCIII.

287 2922 407 2993 Codex
425 2922 723 3007 membranaceus
741 2924 779 2993 in
797 2933 937 3014 quarto,
961 2923 997 2995 ff.
1017 2926 1102 3007 281,
1127 2947 1189 3015 op-

311 3041 398 3110 time
424 3049 601 3123 exaratus,
619 3040 749 3110 eximie
774 3041 976 3112 illustratus
1002 3051 1079 3111 arte
1103 3039 1190 3112 Gal-

310 3156 388 3239 lica,
406 3178 484 3227 saec.
498 3179 557 3226 xv.
576 3156 751 3227 exeuntis.

330 3294 477 3360 Continet
507 3294 623 3360 Hoaas
653 3295 695 3357 8²¹
721 3294 864 3382 Dionysii
890 3295 1101 3382 Areopagitae,
1127 3316 1190 3361 una

371 3420 440 3462 cum
453 3398 634 3464 lectionibus
649 3422 666 3464 e
682 3399 745 3464 vita
761 3399 867 3465 Sancti
882 3399 1047 3486 excerptis.

328 3501 447 3565 Folium
463 3501 596 3588 palmum
611 3503 708 3567 habet
728 3503 893 3591 imaginem
913 3512 947 3568 et
965 3502 1098 3592 iusignia
1113 3502 1189 3569 Gui-

371 3605 459 3670 donis
481 3627 532 3669 xv.
552 3605 671 3671 comitis
692 3606 732 3671 de
752 3606 849 3672 Laval
870 3606 1118 3692 Montmorency,
1134 3604 1187 3692 qui

370 3709 410 3771 A.
423 3709 464 3772 D.
485 3728 566 3796 1500
582 3719 722 3775 mortuus
737 3718 794 3775 est.

665 4001 803 4074 XCIV.

286 4142 406 4214 Codex
426 4143 726 4229 membranaceus
742 4145 781 4215 in
795 4154 934 4236 quarto,
948 4146 985 4216 ff.
1001 4148 1085 4232 152,
1098 4148 1188 4218 bene

312 4270 489 4342 exaratus,
507 4270 582 4332 arte
601 4261 737 4332 Gallica
754 4262 926 4353 depictus
944 4286 1019 4334 saec.
1033 4286 1094 4334 xv.

329 4389 475 4455 Continet
491 4391 605 4456 Hortus
620 4391 658 4455 B.
677 4390 819 4478 Virginis
835 4391 955 4456 Mariae.

545 4746 550 4751 -
676 4692 790 4765 XCV.

286 4823 405 4895 Codex
432 4824 732 4909 membranaceus,
760 4825 921 4910 infolio,
949 4827 987 4897 ff.
1009 4830 1092 4912 163,
1123 4852 1186 4919 op-

309 4941 397 5011 time
424 4950 603 5025 exaratus,
634 4945 729 5035 stylo
754 4942 919 5038 Anglico,
949 4967 1024 5016 saec.
1051 4945 1100 5016 xi.
1131 4949 1186 5016 vel

309 5057 371 5129 xii.
391 5058 558 5129 ineuntis.

328 5188 474 5254 Continet
502 5190 544 5252 D.
561 5188 663 5254 Psum
685 5190 869 5269 Emsronas,
891 5214 954 5258 uua
980 5214 1049 5257 oum
1076 5192 1187 5260 Glossa

371 5292 405 5356 S.
421 5292 569 5357 Anselmi.

416 5411 480 5476 Ino.
503 5412 612 5478 Glossa
625 5437 632 5476 :
643 5412 752 5476 -Pro
767 5413 968 5479 altercatione
983 5415 1091 5481 scribit
1103 5418 1186 5503 Apo

456 5515 553 5580 stolus
575 5515 734 5593 Romanis,
750 5517 912 5583 confutans
938 5519 971 5584 iu
996 5519 1129 5608 gentiles
1154 5529 1186 5585 et

456 5617 488 5682 in
499 5618 620 5704 judaeos

327 5737 427 5804 Dedit
443 5739 537 5805 Joau.
554 5739 700 5822 Howsou,
716 5740 758 5806 A.
771 5740 812 5805 D.
831 5739 923 5827 1588.

1632 720 1771 794 XCVI.

1253 885 1375 956 Codex
1392 885 1611 968 chartaceus,
1629 883 1667 954 in
1684 883 1782 967 folio,
1799 882 1835 955 ff.
1856 883 1940 968 454,
1957 905 2034 955 saec.
2052 879 2152 953 xviii.

1276 1001 1444 1072 ineuntis.

1296 1131 1442 1198 Continet
1467 1137 1489 1168 “
1504 1130 1678 1196 Fasciculos
1703 1129 1898 1195 Ziaauiorum
1926 1129 2068 1218 magistri
2097 1131 2153 1195 Jo-

1337 1235 1427 1300 annis
1444 1233 1607 1320 Wycclyff
1626 1256 1695 1298 cum
1718 1232 1849 1298 tritico.'’
1896 1233 2006 1300 Codex
2026 1257 2066 1299 ex
2081 1235 2152 1299 MS.

1340 1337 1492 1426 Hyperoo
1508 1337 1599 1402 Bodl.
1618 1337 1677 1422 163
1694 1336 1910 1423 transcriptus.

1622 1644 1779 1717 XCVII.

1252 1806 1375 1882 Codex
1393 1814 1692 1898 membranaceus,
1712 1815 1749 1885 iu
1767 1814 1854 1886 folio
1871 1814 2014 1898 minori,
2037 1815 2074 1885 ff.
2094 1817 2154 1897 91,

1276 1929 1371 1998 binis
1389 1932 1574 2016 columnis,
1591 1955 1667 2003 saec.
1679 1932 1752 2003 xiv.

1295 2056 1443 2124 Continet
1460 2061 1606 2125 Rursum
1627 2061 1666 2125 de
1688 2060 1910 2127 Ecclesiasticis
1931 2061 2035 2127 officiis
2058 2062 2154 2128 libros

1338 2183 1391 2225 xu.

1296 2262 1361 2329 Ino.
1385 2265 1508 2351 anue
1528 2287 1584 2352 per
1599 2266 1672 2331 anni
1687 2266 1833 2332 circulum
1853 2267 1962 2332 ordine
1985 2269 2152 2334 constituto

1337 2367 1369 2432 in
1385 2368 1496 2433 divinis
1510 2379 1647 2457 aguntur
1661 2370 1765 2433 officiis

1295 2471 1334 2535 Iu
1359 2471 1447 2536 initio
1470 2472 1537 2536 haeo
1548 2483 1631 2550 ;—“
1648 2473 1740 2537 Hunc
1766 2472 1876 2539 librum
1902 2473 1988 2539 dedit
2011 2473 2152 2539 domiuus

1338 2575 1493 2641 Fabianus
1508 2575 1661 2663 Supprior
1677 2576 1775 2642 Beato
1789 2577 1945 2643 Albano.'’

1297 2685 1317 2716 ‘⁶
1333 2678 1457 2744 Samuel
1472 2680 1612 2745 Purchas
1626 2680 1729 2745 emit.”

1611 3016 1791 3090 XCVIII.

1250 3176 1372 3249 Codex
1390 3178 1689 3262 membranaceus,
1703 3178 1741 3249 iu
1759 3178 1846 3249 folio
1862 3178 2150 3260 minori,ff.132‚

1274 3294 1408 3385 optime
1435 3293 1589 3384 scriptus
1617 3303 1653 3364 et
1679 3303 1883 3378 exornatus,
1910 3316 1986 3365 saec.
2004 3294 2076 3365 xiv.
2095 3297 2151 3363 vel

1274 3434 1333 3482 xv,

1295 3547 1442 3614 Continet
1463 3547 1730 3612 Psanrnamu:-
2095 3546 2148 3611 Iol.

1341 3672 1369 3716 1.
1394 3651 1614 3717 Calendarium
1653 3696 2051 3715 .........
2121 3669 2150 3714 2.

1340 3775 1368 3820 2.
1392 3753 1507 3819 Psalmi
1521 3754 1624 3819 David
1654 3800 2051 3817 .........
2120 3755 2149 3817 8.

1337 3879 1368 3945 3.
1391 3857 1553 3924 Canticum
1569 3855 1835 3941 Esaiae(ls.xii.).
1881 3905 1889 3919 .
1936 3902 1944 3918 .
1991 3903 1998 3919 .
2045 3874 2149 3920 .120.

1336 3982 1368 4042 4.
1392 3960 1502 4027 Oratio
1518 3960 1659 4025 Ezechiae
1674 3961 1728 4036 (Is.
1741 3959 1882 4042 xxxviii.)
1935 4007 1942 4022 .
1989 4007 1997 4021 .
2044 3977 2149 4022 .121.

1337 4080 1368 4150 5.
1392 4064 1553 4132 Canticum
1568 4063 1889 4152 Annae(i.Reg.ii.).
1935 4113 1943 4127 .
1990 4112 1997 4126 .
2044 4081 2149 4137 .121,

1336 4171 1366 4236 6.
1390 4168 1552 4235 Canticum
1568 4167 1674 4255 Moysi
1689 4168 1721 4232 in
1736 4167 1845 4234 Exodo
1857 4167 1932 4248 (Ex.
1945 4168 2010 4250 xv.)
2045 4216 2051 4229 .
2079 4184 2149 4232 122.

1337 4287 1367 4356 7.
1391 4272 1553 4338 Canticum
1569 4271 1830 4352 Habacucfflab.
1847 4270 1901 4355 iii.)
1936 4319 1943 4333 .
1990 4320 1997 4335 .
2044 4288 2150 4355 .123.

1336 4378 1365 4441 8.
1389 4376 1550 4442 Canticum
1566 4375 1670 4462 Moysi
1684 4375 1716 4440 in
1728 4377 1822 4441 Deut.
1835 4376 1942 4459 (Dout.
1954 4374 2062 4458 xxxii.)
2077 4393 2148 4453 124.

1335 4501 1365 4566 9.
1390 4479 1548 4567 Hymnus,
1563 4479 1618 4566 qui
1632 4480 1678 4546 To
1694 4480 1797 4544 Deum
1813 4479 1998 4565 appellatur.
2044 4525 2051 4541 .
2080 4496 2148 4559 127.

1317 4603 1365 4648 10.
1390 4583 1482 4648 Fides
1502 4582 1673 4661 Catholica‚
1689 4591 1725 4648 ut
1744 4583 1930 4669 appellatur,
1951 4581 1992 4646 S¹¹
2008 4583 2051 4646 A·

1420 4685 1554 4752 thanasii
1609 4733 2052 4751 .........
2076 4702 2147 4768 129.

1293 4801 1329 4864 In
1345 4798 1530 4864 Calendario
1545 4799 1611 4863 haec
1624 4823 1676 4860 :-

1338 4933 1364 4974 1.
1390 4910 1475 4975 8die
1502 4910 1655 4975 Octobris.
1703 4908 1850 4974 “Obitus
1871 4909 2029 4975 Edmuudi
2048 4908 2148 4985 Reda,

1419 5015 1460 5078 A.
1474 5013 1514 5077 D.
1534 5013 1646 5098 1430.''

1337 5139 1365 5186 2.
1391 5136 1428 5182 21
1447 5116 1497 5182 die
1512 5115 1705 5181 Novembris.
1741 5126 1760 5153 “
1773 5116 1840 5181 Isto
1856 5116 1906 5181 die
1922 5114 2073 5180 dominico
2085 5112 2148 5177 Ed-

1420 5220 1553 5285 mundus
1569 5219 1656 5285 Rede
1671 5229 1704 5286 et
1718 5222 1827 5309 Agnes
1847 5242 1926 5284 uxor
1940 5219 2006 5304 ejus
2021 5217 2147 5282 suerunt

1420 5324 1605 5410 desponsati,
1622 5324 1660 5388 A.
1673 5325 1713 5388 D.
1733 5344 1792 5409 143
1794 5323 1846 5408 5.”

1334 5448 1365 5513 3.
1391 5427 1431 5493 28
1452 5428 1502 5493 die
1528 5427 1650 5492 Martii.
1694 5428 1838 5493 “Obitus
1864 5425 1985 5491 domino
2011 5422 2147 5488 CristIne

1420 5532 1518 5608 Rode,
1534 5532 1576 5595 A.
1588 5533 1628 5595 D.
1648 5552 1706 5617 143
1710 5535 1760 5615 5.''

1332 5656 1364 5717 4.
1387 5656 1429 5721 30
1449 5635 1500 5700 die
1520 5635 1666 5723 Augusti.
1702 5634 1846 5700 “Obitus
1863 5631 2016 5698 Johanuis
2034 5631 2146 5699 Cottis·

1419 5761 1517 5818 more,
1531 5737 1713 5815 Justiciarii,
1728 5738 1768 5802 A.
1780 5738 1820 5801 D.
1839 5741 1949 5818 1440.''

1384 5847 1414 5899 H
1435 5851 1453 5899 2
